
@string{AMAI	= "Annals of Mathematics and Artificial Intelligence"}
@string{TR = "Technical Report"}
@string{TM = "Technical Memo"}
@string{PhD = "Ph.D. Thesis"}
@string{TN = "Technical Note"}

@string{ACM = "Association for Computing Machinery"}

@string{TheorKnow86  = "Theoretical Aspects of Reasoning about
			 Knowledge: Proceedings of the 1986
			 Conference"}
@string{TheorKnow86addr  = "Monterey, California"}

@string{AAAI = "Proceedings of the American Association for
			 Artificial Intelligence"}

@string{ATAL94 = "Intelligent Agents --- Proceedings of the 1994 
	Workshop on Agent Theories, Architectures, and Languages"}
			 
@string{CAAP88 = "Proceedings of CAAP '88"}

@string{ICALP3 = "Proceedings Third International Colloquium on
			 Automata Languages and Programming"}
@string{ICALP4 = "Proceedings Fourth International Colloquium on
			 Automata Languages and Programming"}
@string{ICALP5 = "Proceedings Fifth International Colloquium on
			 Automata Languages and Programming"}
@string{ICALP6 = "Proceedings Sixth International Colloquium on
			 Automata Languages and Programming"}
@string{ICALP7 = "Proceedings Seventh International Colloquium on
			 Automata Languages and Programming"}
@string{ICALP8 = "Proceedings Eighth International Colloquium on
			 Automata Languages and Programming"}
@string{ICALP9 = "Proceedings Ninth International Colloquium on
			 Automata Languages and Programming"}
@string{ICALP10 = "Proceedings Tenth International Colloquium on
			 Automata Languages and Programming"}
@string{ICALP11 = "Proceedings Eleventh International Colloquium on
			 Automata Languages and Programming"}
@string{ICALP12 = "Proceedings Twelfth International Colloquium on
			 Automata Languages and Programming"}
@string{ICALP13 = "Proceedings Thirteenth International Colloquium on
			 Automata Languages and Programming"}
@string{ICALP14 = "Proceedings Fourteenth International Colloquium on
			 Automata Languages and Programming"}
@string{ICALP3year = "1976"}
@string{ICALP4year = "1977"}
@string{ICALP5year = "1978"}
@string{ICALP6year = "1979"}
@string{ICALP7year = "1980"}
@string{ICALP8year = "1981"}
@string{ICALP9year = "1982"}
@string{ICALP10year = "1983"}
@string{ICALP11year = "1984"}
@string{ICALP12year = "1985"}
@string{ICALP13year = "1986"}
@string{ICALP14year = "1987"}
			 
@string{OpSys5 = "Proceeding of the Fifth Symposium on Operating Systems
			 Principles"}
			 
@string{OpSys6 = "Proceeding of the Sixth Symposium on Operating Systems
			 Principles"}
			 
@string{OpSys8 = "Proceeding of the Eighth Symposium on Operating Systems
			 Principles"}

@string{ACMCS = "Proceedings of the ACM Computer Science Conference"}

@string{ACMIEEE1 = "Proceedings of the First Annual ACM/IEEE International Symposium
			 on Computer Architecture"}
@string{ACMIEEE2 = "Proceedings of the Second Annual ACM/IEEE International Symposium
			 on Computer Architecture"}
@string{ACMIEEE3 = "Proceedings of the Third Annual ACM/IEEE International Symposium
			 on Computer Architecture"}
@string{ACMIEEE4 = "Proceedings of the Fourth Annual ACM/IEEE International Symposium
			 on Computer Architecture"}
@string{ACMIEEE5 = "Proceedings of the Fifth Annual ACM/IEEE International Symposium
			 on Computer Architecture"}
@string{ACMIEEE6 = "Proceedings of the Sixth Annual ACM/IEEE International Symposium
			 on Computer Architecture"}
@string{ACMIEEE7 = "Proceedings of the Seventh Annual ACM/IEEE International Symposium
			 on Computer Architecture"}
@string{ACMIEEE8 = "Proceedings of the Eighth Annual ACM/IEEE International Symposium
			 on Computer Architecture"}
@string{ACMIEEE9 = "Proceedings of the Ninth Annual ACM/IEEE International Symposium
			 on Computer Architecture"}
@string{ACMIEEE10 = "Proceedings of the Tenth Annual ACM/IEEE International Symposium
			 on Computer Architecture"}
@string{ACMIEEE11 = "Proceedings of the Eleventh Annual ACM/IEEE International
			 Symposium on Computer Architecture"}
@string{ACMIEEE12 = "Proceedings of the Twelfth Annual ACM/IEEE International
			 Symposium on Computer Architecture"}
@string{ACMIEEE13 = "Proceedings of the Thirteenth Annual ACM/IEEE International
			 Symposium on Computer Architecture"}
@string{ACMIEEE14 = "Proceedings of the Fourteenth Annual ACM/IEEE International
			 Symposium on Computer Architecture"}
@string{ACMIEEE15 = "Proceedings of the Fifteenth Annual ACM/IEEE International
			 Symposium on Computer Architecture"}
@string{ACMIEEE16 = "Proceedings of the Sixteenth Annual ACM/IEEE International
			 Symposium on Computer Architecture"}
@string{ACMIEEE17 = "Proceedings of the Seventeenth Annual ACM/IEEE International
			 Symposium on Computer Architecture"}
@string{ACMIEEE18 = "Proceedings of the Eighteenth Annual ACM/IEEE International
			 Symposium on Computer Architecture"}
@string{ACMIEEE19 = "Proceedings of the Nineteenth Annual ACM/IEEE International
			 Symposium on Computer Architecture"}


@string{CMUVLSI = "Proceedings of the CMU conference on VLSI Systems
			and Computations"}



@string{ASPLOS = "Proceedings of the International Conference on
Architectural Support for Programming Languages and Operating
Systems"}

@string{ASPLOS1 = "Proceedings of the First International Conference on Architectural Support for Programming Languages and Operating Systems"}

@string{ASPLOS2 = "Proceedings of the Second International Conference on Architectural Support for Programming Languages and Operating Systems"}

@string{ASPLOS3 = "Proceedings of the Third International Conference on Architectural Support for Programming Languages and Operating Systems"}

@string{ASPLOS4 = "Proceedings of the Fourth International Conference on Architectural Support for Programming Languages and Operating Systems"}

@string{ASPLOS5 = "Proceedings of the Fifth International Conference on Architectural Support for Programming Languages and Operating Systems"}


@string{AIApp2 = "The Second International Conference on
			 Artificial Intelligence Applications"}

@string{AISB	= "Proceedings of the Conference on Artificial Intelligence and
			 the Simulation of Behavior"}

@string{euugs = "Proceeding of the Spring European UNIX Users' Group
			 Conference"}
@string{euugs88addr = "London"} 

@string{EUROAI = "Proceedings of the European Conference on
			 Artificial Intelligence"}

@string{SIGCSE14 = "Proceedings of the Fourteenth SIGCSE
			 Technical Symposium on Computer Science Education"}
@string{SIGCSE15 = "Proceedings of the Fifteenth SIGCSE
			 Technical Symposium on Computer Science Education"}
@string{SIGCSE16 = "Proceedings of the Sixteenth SIGCSE
			 Technical Symposium on Computer Science Education"}
@string{SIGCSE17 = "Proceedings of the Seventeenth SIGCSE
			 Technical Symposium on Computer Science Education"}
@string{SIGCSE18 = "Proceedings of the Eighteenth SIGCSE
			 Technical Symposium on Computer Science Education"}
@string{SIGCSE19 = "Proceedings of the Nineteenth SIGCSE
			 Technical Symposium on Computer Science Education"}
@string{SIGCSE14address = "Orlando, Florida"}
@string{SIGCSE15address = "Philadelphia, Pennsylvania"}
@string{SIGCSE16address = "{ }"}
@string{SIGCSE17address = "Cincinnati, Ohio"}
@string{SIGCSE18address = "St. Louis, Missouri"}
@string{SIGCSE19address = "Atlanta, Georgia"}
@string{SIGCSE14year = "1983"}
@string{SIGCSE15year = "1984"}
@string{SIGCSE16year = "1985"}
@string{SIGCSE17year = "1986"}
@string{SIGCSE18year = "1987"}
@string{SIGCSE19year = "1988"}

@string{AmSocInfo  = "Proceedings of the American Society for
			 Information Science Annual Meeting"}

@string{IFIPformal = "Proceedings of the IFIP Working Conference on Formal
			 Description of Programming Concepts"}

@string{IFIP-HCI-1 = "Proceedings of the first IFIP conference on Human Computer
			 Interaction"}

@string{ACM-SDE	= "Proceedings of the Software Engineering Symposium on Practical
			 Software Development Environments"}

@string{IEEEreliability = "Proceedings of IEEE Conference on Specification of
			 Reliable Software"}

@string{ACM-LIPE = "ACM SIGPLAN Symposium on Language Issues in Programming
			 Environments"}

@string{ACM-PLDI = "ACM SIGPLAN Conference on Programming Language
			Design and Implementation"} 
 
@string{Appin85 = "Persistence and Data Types Papers for the {A}ppin Workshop"}
@string{Appin87 = "Proceedings of the Workshop on Persistent
			 Object Systems: Their Design,
			 Implementation and Use"}

@string{AusAI1 = "Proceedings of the First Australian Artificial
			 Intelligence Congress"}

@string{BWDDMCN2 = "Second Berkeley Workshop on Distributed Data Management and
			 Computer Networks"}

@string{CADE84 = "Proceedings of the 7th {I}nternational {C}onference on
			 {A}utomated {D}eduction"}

@string{CAL87 = "Proceedings of the CAL 87 Conference"}

@string{CHI86 = "Proceedings of the ACM CHI '86 Conference on Human Factors in
			 Computing Systems"}
@string{CHI87 = "Proceeding of the CHI $+$ GI '87 Conference"}

@string{COMPCON = "IEEE Computer Society Annual Conference COMPCON"}

@string{Compiler82 = "Proceedings of the {SIGPLAN} '82 Symposium
			 on Compiler Construction"}
@string{Compiler84 = "Proceedings of the {SIGPLAN} '84 Symposium
			 on Compiler Construction"}
@string{Compiler84addr = "Montreal, Canada"}
@string{Compiler86 = "Proceedings of the {SIGPLAN} '86 Symposium
			 on Compiler Construction"}

@string{COMPINT85 = "Proceedings of IEEE COMPINT '85"}

@string{ICSA4 = "IEEE Fourth International Computer Software and
			 Applications Conference"}

@string{CS292R-UCB="CS-292R Class Report"}

@string{DesAut14 = "Proceedings of the Fourteenth LSI Design
			 Automation Conference"}
@string{DesAut19 = "Proceedings of the Nineteenth Design
			 Automation Conference"}

@string{ECOOP87 = "Proceedings of the 1987 European Conference on
			 Object-Oriented Programming"}
@string{ECOOP87eds = "J. B\'ezivin and J.-M. Hullot and P. Cointe
			 and H. Lieberman"}

@string{EDS1	= "Proceedings of the First International Conference on Expert
			 Database Systems"}

@string{FGCS85 = "Proceedings of the International Conference on
			 Fifth Generation Computer Systems"}

@string{FGCS84 = "Proceedings of the International Conference on Fifth Generation
			 Computer Systems"}

@string{FJCC = "Proceedings of AFIPS Fall Joint Computer Conference"}
@string{FJCC2 = "Proceedings of the ACM/IEEE Fall Joint Computer Conference"}

@string{FOCS16 = "Proceedings of the Sixteenth Symposium on the Foundations of
			 Computer Science"}
@string{FOCS17 = "Proceedings of the Seventeenth Symposium on the Foundations of
			 Computer Science"}
@string{FOCS18 = "Proceedings of the Eighteenth Symposium on the Foundations of
			 Computer Science"}
@string{FOCS19 = "Proceedings of the Nineteenth Symposium on the Foundations of
			 Computer Science"}
@string{FOCS20 = "Proceedings of the Twentieth Symposium on the Foundations of
			 Computer Science"}
@string{FOCS24 = "Proceedings of the Twentyfourth Symposium on the Foundations of
			 Computer Science"}

@string{FOCS17year = "1976"}
@string{FOCS17address = "Houston, Texas"}
			 
@string{FPLCA = "Proceedings of the ACM Conference on Functional
			 Programming Languages and Computer
			 Architecture"}

@string{Hawaii14 = "Proceedings of the Fourteenth Hawaii Conference on System
			 Sciences"}
@string{Hawaii12 = "Proceedings of the Twelfth Hawaii Conference on System
			 Sciences"}
@string{Hawaii19 = "Proceedings of the Nineteenth Hawaii Conference on System
			 Sciences"}
@string{Hawaii26 = "Proceedings of the Twenty-Sixth Annual Hawaii
			 International Conference on System Sciences"}

@string{HFCS = "Proceedings of the Conference on Human Factors in Computing
		 Systems"}

@string{HWLang7 = "Proceedings of the Seventh International Symposium on
		   Computer Hardware Description Languages and their Application"}

@string{ICDE3 = "Proceedings of the Third International
			 Conference on Data Engineering"}

@string{ICSE4 = "Proceedings of the Fourth International Conference on Software
			 Engineering"}
@string{ICSE5 = "Proceedings of the Fifth International Conference on Software
			 Engineering"}
@string{ICSE7 = "Proceedings of the Seventh International Conference on Software
			 Engineering"}

@string{IEEEPh6 = "Proceedings of the Sixth Annual IEEE Phoenix Conference on
			 Computers and Communication"}

@string{IFIP = "Proceedings of the International Federation for Information
			 Processing"}

@string{IJCAI3	= "Proceedings of the Third International Joint Conference
			 Artificial Intelligence"}
@string{IJCAI5	= "Proceedings of the Fifth International Joint Conference
			 Artificial Intelligence"}
@string{IJCAI77	= "Proceedings of the International Joint
			 Conference on Artificial Intelligence"}
@string{IJCAI83	= "Proceedings of the International Joint
			 Conference on Artificial Intelligence"}
@string{IJCAI85	= "Proceedings of the International Joint
			 Conference on Artificial Intelligence"}
@string{IJCAI87	= "Proceedings of the International Joint
			 Conference on Artificial Intelligence"}
@string{IJCAI91	= "Proceedings of the International Joint
			 Conference on Artificial Intelligence"}
@string{IJCAI	= "Proceedings of the International Joint
			 Conference on Artificial Intelligence (IJCAI)"}
@string{IJCAI77address = "Cambridge, Massachusetts"}
@string{IJCAI83address = "Karlsruhe, West Germany"}
@string{IJCAI85address = "Los Angeles, USA"}
@string{IJCAI87address = "Milan, Italy"}
@string{IJCAI89address = "Detroit, USA"}
@string{IJCAI91address = "Sydney, Australia"}

@string{JCTPSD = "Proceedings of Joint Conference on Theory and Practice of
			 Software Development."}

@string{ILogic3 = "Proceedings of the Third International Conference on Logic
			 Programming"}

@string{ILogic4 = "Proceedings of the Fourth International Conference on Logic
			 Programming"}

@string{ILogic5 = "Proceedings of the Fifth International Conference on Logic
			 Programming"}
			 
@string{ILogic5address = "Tokyo, Japan"}
@string{ILogic5year = "1986"}
			 
@string{Interp87 = "Proceedings of the SIGPLAN '87 Symposium on
			 Interpreters and Interpretive Techniques"}
@string{Interp87addr = "St. Paul, Minnesota"}

@string{LangDes = "Proceedings of the Symposium on Language Design and Programming
			 Methodology"}

@string{LOGIC73 = "Proceedings of the Logic Colloqium '73"}

@string{music86 = "Proceedings of the 1986 International Computer
			 Music Conference"}
@string{music87 = "Proceedings of the 1987 International Computer
			 Music Conference"}

@string{NAAI1	= "Proceedings of the First Annual Conference of the National
			 Association for Artifical Intelligence"}

@string{NCAI82  = "Proceedings of National Conference on Artificial Intelligence"}
@string{NCAI83  = "Proceedings of National Conference on Artificial Intelligence"}

@string{LiCS1 = "Proceedings of the First Annual Symposium on
			 Logic in Computer Science"}
@string{LiCS2 = "Proceedings of the Second Annual Symposium on
			 Logic in Computer Science"}
@string{LiCS3 = "Proceedings of the Third Annual Symposium on
			 Logic in Computer Science"}
@string{LiCS4 = "Proceedings of the Fourth Annual Symposium on
			 Logic in Computer Science"}
@string{LiCS5 = "Proceedings of the Fifth Annual Symposium on
			 Logic in Computer Science"}

@string{LISP80	= "Conference Record of the 1980 LISP Conference"}
@string{LISP80addr="Stanford, CA"}
@string{LISP81	= "Conference Record of the 1981 LISP Conference"}
@string{LISP82	= "Conference Record of the 1982 LISP Conference"}
@string{LISP83	= "Conference Record of the 1983 LISP Conference"}
@string{LISP84	= "Conference Record of the 1984 LISP Conference"}
@string{LISP85	= "Conference Record of the 1985 LISP Conference"}
@string{LISP86	= "Conference Record of the 1986 LISP Conference"}

@string{LISPF82 = "Conference Record of the 1982 {ACM} Symposium on {L}isp and
			 Functional Programming"}
@string{LISPF82addr="Pittsburgh, PA"}
@string{LISPF84 = "Conference Record of the 1984 {ACM} Symposium on {L}isp and
			 Functional Programming"}
@string{LISPF84addr = "Austin, TX"}
@string{LISPF86 = "Conference Record of the 1986 {ACM} Symposium on {L}isp and
			 Functional Programming"}
@string{LISPF86addr = "Cambridge, MA"}
@string{LISPF88 = "Conference Record of the 1988 {ACM} Symposium on {L}isp and
			 Functional Programming"}
@string{LISPF88addr = "Snowbird, UT"}

@string{Micro7	= "Seventh Annual Workshop on Microprogramming"}
@string{Micro11	= "Eleventh Annual Workshop on Microprogramming"}
@string{Micro17	= "Seventeenth Annual Workshop on Microprogramming"}
@string{Micro18	= "Eighteenth Annual Workshop on Microprogramming"}
@string{Mutl87	= "Proceedings of the Manchester Colloquium on Temporal Logic, 1987"}

@string{NSFconc = "Proceedings of the NSF/SERC Seminar on Concurrency"}

@string{OfficeW = "Proceedings of the Office Semantics Workshop"}

@string{OOHSA	= "{ACM} conference: Object Oriented Hardware and Software
			 Architecture"}
	
@string{OOPSLA = "Object-Oriented Programming: Systems, Languages
			 and Applications"}
@string{OOPSLA86= "Proceedings of the Conference on "#OOPSLA}
@string{OOPSLA86addr="Portland, Oregon"}
@string{OOPSLA87= "Proceedings of the Conference on "#OOPSLA}
@string{OOPSLA87addr="Orlando, Florida"}
@string{OOPSLA88= "Proceedings of the Conference on "#OOPSLA}
@string{OOPSLA88addr="San Diego, California"}
@string{OOPSLA89= "Proceedings of the Conference on "#OOPSLA}
@string{OOPSLA89addr="New Orleans, Louisiana"}
@string{OOPSLA90= "Proceedings of the Joint Conference OOPSLA/ECOOP"}
@string{OOPSLA90addr="Ottawa, Canada"}

@string{OpSys7 = "Proceeding of the Seventh Symposium on Operating Systems
			 Principles"}
@string{OpSys10 = "Proceeding of the Tenth Symposium on Operating Systems
			 Principles"}

@string{ECAI = "Proceedings of the European Conference on
			 Artificial Intelligence"}

@string{PETRI4 = "Fourth European Workshop on Applications and
			 Theory of Petri Nets"}

@string{PODC2 = "Proceedings of the Second {ACM} Symposium on the Principles of
			 Distributed Computing"}
@string{PODC1 = "Proceedings of the First {ACM} Symposium on the Principles of
			 Distributed Computing"}

@string{POPL1 = "Proceedings of the First {ACM} Symposium on the Principles of
			 Programming Languages"}
@string{POPL2 = "Proceedings of the Second {ACM} Symposium on the Principles of
			 Programming Languages"}
@string{POPL3 = "Proceedings of the Third {ACM} Symposium on the Principles of
			 Programming Languages"}
@string{POPL4 = "Proceedings of the Fourth {ACM} Symposium on the Principles of
			 Programming Languages"}
@string{POPL5 = "Proceedings of the Fifth {ACM} Symposium on the Principles of
			 Programming Languages"}
@string{POPL6 = "Proceedings of the Sixth {ACM} Symposium on the Principles of
			 Programming Languages"}
@string{POPL7 = "Proceedings of the Seventh {ACM} Symposium on the Principles of
			 Programming Languages"}
@string{POPL8 = "Proceedings of the Eighth {ACM} Symposium on the Principles of
			 Programming Languages"}
@string{POPL9 = "Proceedings of the Ninth {ACM} Symposium on the Principles of
			 Programming Languages"}
@string{POPL10 = "Proceedings of the Tenth {ACM} Symposium on the Principles of
			 Programming Languages"}
@string{POPL11 = "Proceedings of the Eleventh {ACM} Symposium on the Principles of
			 Programming Languages"}
@string{POPL12 = "Proceedings of the Twelfth {ACM} Symposium on the Principles of
			 Programming Languages"}
@string{POPL13 = "Proceedings of the Thirteenth {ACM} Symposium on the Principles
			 of Programming Languages"}
@string{POPL14 = "Proceedings of the Fourteenth {ACM} Symposium on the Principles
			 of Programming Languages"}
@string{POPL15 = "Proceedings of the Fifteenth {ACM} Symposium on the Principles
			 of Programming Languages"}

@string{POPL1address = "Boston, Massachusetts"}
@string{POPL2address = " "}
@string{POPL3address = " "}
@string{POPL4address = " "}
@string{POPL5address = "Tucson, Arizona"}
@string{POPL6address = " "}
@string{POPL7address = "Las Vegas, Nevada"}
@string{POPL8address = "Williamsburg, Virginia"}
@string{POPL9address = "Albuquerque, New Mexico"}
@string{POPL10address = "Austin, Texas"}
@string{POPL11address = "Salt Lake City, Utah"}
@string{POPL12address = "New Orleans, Louisiana"}
@string{POPL13address = "St.~Petersberg Beach, Florida"}
@string{POPL14address = "Munich, West Germany"}
@string{POPL15address = "San Diego, California"}

@string{POPL1year = "1974"}
@string{POPL2year = "1975"}
@string{POPL3year = "1976"}
@string{POPL4year = "1977"}
@string{POPL5year = "1978"}
@string{POPL6year = "1979"}
@string{POPL7year = "1980"}
@string{POPL8year = "1981"}
@string{POPL9year = "1982"}
@string{POPL10year = "1983"}
@string{POPL11year = "1984"}
@string{POPL12year = "1985"}
@string{POPL13year = "1986"}
@string{POPL14year = "1987"}
@string{POPL15year = "1988"}

@string{Robot = "IEEE International Conference on Robotics and Automation"}

@string{SIGMETRICS83 = "ACM SIGMETRICS Peformance Evaluation Review Proceedings of
			 the ACM SIGMETRICS Conference Measurement and Modeling of
			 Computer Systems"}

@string{SIGMOD84 = "Proceedings of SIGMOD '84, SIGMOD Record"}

@string{procSIGOA= "{ACM} SIGOA Conference on Office Information Systems"}
@string{procSIGOA3= "Proceedings of the Third {ACM} SIGOA
			 Conference on Office Information
			 Systems"}
@string{SIGOAtext = "Proceedings of the ACM SIGPLAN and  SIGOA
			 Symposium on Text Manipulation"}
@string{RIMS = "RIMS Symposia on Software Science and Engineering"}

@string{simula13="Proceedings of the Thirteenth SIMULA Users' Conference"}

@string{SJCC = "Proceedings of the Spring Joint Computer Conference"}

@string{SLS3 = "Proceedings of the Third Scandinavian Logic Symposium"}

@string{STOC9 = "Proceedings of the Ninth {ACM} Symposium on the Theory of
			 Computing"}
@string{STOC10 = "Proceedings of the Tenth {ACM} Symposium on the Theory of
			 Computing"}
@string{STOC11 = "Proceedings of the Eleventh {ACM} Symposium on the Theory of
			 Computing"}
@string{STOC12 = "Proceedings of the Twelfth {ACM} Symposium on the Theory of
			 Computing"}
@string{STOC13 = "Proceedings of the Thirteenth {ACM} Symposium on the Theory of
			 Computing"}
@string{STOC14 = "Proceedings of the Fourteenth {ACM} Symposium on the Theory of
			 Computing"}
@string{STOC15 = "Proceedings of the Fifteenth {ACM}-SIGACT Symposium on
			 Theoretical Computer Science"}
@string{STOC16 = "Proceedings of the Sixteenth {ACM} Symposium on the Theory of
			 Computing"}
@string{ISP3 = "3rd International Symposium on Programming"}

@string{TAP85 = "Proceedings of TAPSOFT 1985"}

@string{UPM = "{UNIX} Programmer's Manual"}

@string{uProg11 = "Proceedings of the Eleventh Ann. Microprogramming Workshop"}

@string{vdm87 = "VDM '87: VDM---A Formal Method at Work"}

@string{Visual86 = "Proceedings of the 1986 IEEE Computer Society Workshop on
			 Visual languages"}

@string{VLDB7 = "Proceedings of the Seventh International Conference on Very Large
			 Databases"}
@string{VLDB8 = "Proceedings of the Eighth International Conference on Very Large
			 Databases"}
@string{VLDB9 = "Proceedings of the Ninth International Conference on Very Large
			 Databases"}
@string{VLDB10 = "Proceedings of the Tenth International
	Conference on Very Large Databases"}
@string{VLDB11 = "Proceedings of the Eleventh International
	Conference on Very Large Databases"}
@string{VLDB12 = "Proceedings of the Twelfth International
	Conference on Very Large Databases"}
@string{VLDB13 = "Proceedings of the Thirteenth International
	Conference on Very Large Databases"}

@string{YorkIPSE = "Proceedings of the York IPSE Conference"}

@string{NATOvs = "Proceedings of Advanced NATO Study Institute on Logics and
			 Models for Verification and Specification of Concurrent
			 Systems"}
@string{NATOvsadd = "La Colle-sur-Loup, France"}

@string{APLQQ	= "ACM APL Quote Quad"}
@string{CompArch= "ACM Computer Architecture News"}
@string{CompSurv= "ACM Computing Surveys"}
@string{CrComp	= "Creative Computing"}
@string{JACM	= "ACM Journal"}
@string{SIGACT	= "ACM SIGACT News"}			 
@string{SIGARCH = "ACM SIGARCH Newsletter"}
@string{SIGOPS  = "ACM Operating Systems Review (SIGOPS)"}
@string{SIGGRAPH= "ACM SIGGRAPH"}
@string{SIGSOC  = "ACM SIGSOC"}
@string{SIGART  = "ACM SIGART Newsletter"}
@string{SIGMOD	= "ACM SIGMOD Record"}
@string{SIGMICRO= "ACM SIGMICRO Newsletter"}
@string{SIGOA	= "ACM SIGOA Newsletter"}
@string{SIGPC	= "ACM SIGPC Notes"}
@string{SIGPLAN = "ACM SIGPLAN Notices"}
@string{SIGSMALL= "ACM SIGSMALL Newsletter"}
@string{SIGSMALL= "ACM SIGSMALL Newsletter"}
@string{SIGSAM  = "ACM SIGSAM Bulletin"}
@string{SIGSOFT = "ACM SIGSOFT Software Engineering Notes"}
@string{Sogops	= "ACM Sogops"}
@string{SysSoft = "Systems and Software"}
@string{tocs	= "ACM Transactions on Computer Systems"}
@string{togs	= "ACM Transactions on Graphics"}
@string{toplas	= "ACM Transactions on Programming Languages and Systems"}
@string{tods	= "ACM Transactions on Database Systems"}
@string{toois	= "ACM Transactions on Office Information Systems"}
@string{tugboat = "TUGboat"}
@string{AMSnot	= "Notices of the American Mathematical Society"}
@string{AMStrans= "Transactions of the American Mathematical Society"}
@string{TAMS    = "Transactions of the American Mathematical Society"}
@string{Acta	= "Acta Informatica"}
@string{APF	= "Acta Philosophica Fennica"}
@string{APaL	= "Annals of Pure and Applied Logic"}
@string{AHoC	= "Annals of the History of Computing"}
@string{AI	= "Artificial Intelligence"}
@string{AIM	= "The Artificial Intelligence Magazine"}
@string{BEATCS	= "Bulletin of European Association for Theoretical Computer
			 Science"}
@string{BEACTS	= "Bulletin of European Association for Theoretical Computer
			 Science"}
@string{BRMIC   = "Behavior Research Methods, Instruments, and Computers"}
@string{bstj	= "Bell Systems Technical Journal"}
@string{byte	= "Byte"}
@string{CogSci	= "Cognitive Science"}
@string{CACM	= "Comm. ACM"}
@string{Cbull	= "Computer Bulletin"}
@string{CompDes = "Computer Design"}
@string{CompEd	= "Computers and Education"}
@string{CompGr	= "ACM Computer Graphics"}
@string{CompGrA = "Computer Graphics and Applications"}
@string{CompGrW = "Computer Graphics World"}
@string{CGF	= "Computer Graphics Forum"}
@string{CompLang= "Computer Languages"}
@string{CompM	= "Computing, the magazine"}
@string{CompMath= "Computers and Mathematics with applications"}
@string{compmusarr="Computer Music Array"}
@string{CompNet = "Computer Networks"}
@string{Comp	= "Computing"}
@string{CSLI-LN = "CSLI Lecture Notes"}
@string{CSTR	= "Computer Science Technical Report"}
@string{datam	= "Datamation"}
@string{DComp	= "Design Computing"}
@string{Doklady = "Soviet Mathematics: Doklady"}
@string{DrDobbs = "Dr Dobb's Journal of Computer Calisthenics \& Orthodontia"}
@string{elect   = "Electronics"}
@string{ELett	= "Electronics Letters"}
@string{EuroGr	= "Eurographics Seminars"}
@string{FACS    = "Formal Aspects of Computing"}
@string{FGCS	= "Future Generations of Computer Systems"}
@string{IBMJRD	= "IBM Journal of Research and Development"}
@string{IBMsysJ = "IBM System Journal"}
@string{IBMTechBull = "IBM Technical Disclosure Bulletin"}
@string{SEJ = "IEE Software Engineering Journal"}
@string{IEEEmicro = "IEEE Micro"}
@string{spectrum= "IEEE Spectrum"}
@string{IEEEcad = "IEEE Transactions on the CAD of ICs \& Systems"}
@string{IEEEcomm= "IEEE Transactions on Communications"}
@string{IEEEtcomp= "IEEE Transactions on Computers"}
@string{IEEEted = "IEEE Transactions on Education"}
@string{IEEEhfe = "IEEE Trans. on Human Factors in Electronics"}
@string{IEEEcommag="IEEE Communications Magazine"}
@string{IEEEComp= "IEEE Computer"}
@string{IEEEdb  = "IEEE Database Engineering Bulletin"}
@string{IEEEgr	= "IEEE Computer Graphics"}
@string{IEEEnews= "IEEE Computer Group News"}
@string{software= "IEEE Software"}
@string{IEEEsoft= "IEEE Transactions on Software Engineering"}
@string{IEEEcyber= "IEEE Transactions on Systems, Man and Cybernetics"}
@string{IEEEveh = "IEEE Transactions on Vehicle Technology"}
@string{IEEproc= "Proceedings of the IEE"}
@string{IEEEproc= "Proceedings of the IEEE"}
@string{IPlet	= "Information Processing Letters"}
@string{InfComp	= "Information and Computation"}
@string{InfCon	= "Information and Control"}
@string{ISOTAR	= "Infotech State of the Art Report"}
@string{IJMMS	= "International Journal of Man-Machine Studies"}
@string{IJCIS	= "International Journal of Computer and
			 Information Science"}
@string{JAR	= "Journal of Automated Reasoning"}
@string{JCL	= "Journal of Computer Languages"}
@string{JCSS	= "Journal of Computer and System Sciences"}
@string{JETAI	= "Journal of Experimental and Theoretical
			 Artificial Intelligence"}
@string{JIPC    = "Journal of Information Processing and Cybernetics"}
@string{JLC     = "Journal of Logic and Computation"}
@string{JLP	= "Journal of Logic Programming"}
@string{JPL	= "Journal of Philosophical Logic"}
@string{JSL	= "Journal of Symbolic Logic"}
@string{JSC	= "Journal of Symbolic Computation"}
@string{Kig	= "Kigoushori"}
@string{Logique = "Logique et Analyse"}
@string{LiCS	= "Logic in Computer Science"}
@string{LMLS	= "Lectures on Mathematics in the Life Sciences"}
@string{LNCS	= "Lecture Notes in Computer Science"}
@string{LNAI	= "Lecture Notes in Artificial Intelligence"}
@string{LNM	= "Lecture Notes in Mathematics"}
@string{NATOASI = "NATO ASI Series"}
@string{NGC	= "New Generation Computing"}
@string{ND	= "Notre Dame Journal of Formal Logic"}
@string{objet	= "Journ\'ees Langages Orient\'es Object"}
@string{OOPS	= "The Newsletter of the Object Oriented Programming Society"}
@string{OpSys	= "Operating Systems Review"}
@string{oreilly = "O'Reilly \& Associates"}
@string{PPRR	= "Persistent Programming Research Report,
		   Universities of Glasgow and St. Andrews"}
@string{persNM	= "Perspectives of New Music"}
@string{SCP	= "Science of Computer Programming"}
@string{SA	= "Scientific American"}
@string{SIGCSEBULL="SIGCSE Bulletin"}
@string{SIAMj	= "SIAM Journal on Computing"}
@string{SP&E	= "Software: Practice and Experience"}
@string{SPandE	= "Software: Practice and Experience"}
@string{SoftW	= "Software world"}
@string{SL	= "Studia Logica"}
@string{st80	= "Smalltalk-80 Newsletter"}
@string{TSI	= "Technique et Science Informatiques"}
@string{TCS	= "Theoretical Computer Science"}
@string{CompJ	= "The Computer Journal"}
@string{design	= "VLSI Design"}
@string{WW	= "Wireless World"}
@string{zmlg	= "Zeitschrift {f\"ur} Mathematische Logik und Grundlagen der
			 Mathematik"}

@string{aarh	= "Department of Computer Science,Aarhus University"}
@string{aarhusCS= "Computer Science Department, Aarhus University"}
@string{aiai="Artificial Intelligence Applications Institute"}			 
@string{aiaiaddr="Artificial Intelligence Applications Institute,
                  University of Edinburgh"}			 
@string{StAndCS	= "Department of Computational Science, 
		   University of St.~Andrews"}
@string{ATandTBell = "AT \& T Bell Laboratories"}
@string{AcSin   = "Institute of Software, Academia Sinica"}
@string{asu-cse = "Department of Computer Science and Engineering,
		   Arizona State University"}
@string{Beijing = "Beijing, China"}
@string{bath	= "School of Mathematics, University of Bath"}
@string{bell	= "Bell Laboratories"}
@string{belladdr= "Murray Hill, NJ"}
@string{brown	= "Brown University"}
@string{brownCS	= "Department of Computer Science, Brown University"}
@string{bristol-csd ="Department of Computer Science, University
			 of Bristol"}			 
@string{caltech = "California Institute of Technology"}
@string{caltechCSD = "California Institute of Technology,
		   Computer Science Department"}
@string{camcsd	= "Computer Laboratory, University of Cambridge"}
@string{camcsdadd= "Corn Exchange Street, Cambridge CB2 3QG, UK"}
@string{carleton= "Carleton University"}
@string{carleton-sce= "Department of Systems and Computer
			 Engineering, Carleton University"}
@string{NCarol  = "The University of North Carolina at Chapel Hill"}
@string{chicago = "University of Chicago"}
@string{corncsd = "Department of Computer Science, Cornell University"}
@string{CMU	= "Department of Computer Science, Carnegie Mellon University"}
@string{CWI	= "Centre for Mathematics and Computer Science, Amsterdam"}
@string{CWI-CS	= "Department of Computer Science, CWI, Amsterdam"}
@string{DFKI	= "Deutsches Forschungszentrum f{\"u}r
			 K{\"u}nstliche Intelligenz (DFKI)"}
@string{DECorp	= "Digital Equipment Corporation"}
@string{DECpa	= "DEC, Palo Alto, California"}
@string{DECsrc	= "DEC Systems Research Center, Palo Alto, California"}
@string{DECwrl	= "DEC Western Research Lab, Palo Alto, California"}
@string{dortmund= "Dept. of Informatik, University of Dortmund"}
@string{csdcal	= "Department of Computer Science, University of California"}
@string{edcsd	= "Department of Computer Science, University of Edinburgh"}
@string{eindhoven="Eindhoven University of Technology"}
@string{ETH	= "ETH Institut f{\"u}r Informatik"}
@string{GAtech	= "Georgia Institute of Technology"}
@string{GMD	= "Gesellschaft F{\"u}r	Mathematik und Datenverarbeitung MBH"}
@string{glascsd="University of Glasgow Dept.~of Computing Science"}
@string{GlasStAnd="University of Glasgow Dept.~of Computing Science and University
			 of St.~Andrews Dept.~of Computational Science"}
@string{hawaiiICS="ICS Dept., University of Hawaii"}
@string{HP-STL  = "Software Technology Laboratory,
			 Hewlett-Packard Labs"}
@string{HP-ATC	= "Application Technology Center, Hewlett-Packard Labs"}
@string{IBMyork = "IBM Research, Yorktown Heights"}
@string{IBMAlma = "IBM Almaden Research Center, San Jose, California"}
@string{IBM-TJW = "IBM Thomas J. Watson Research Center"}
@string{ICL	= "International Computers Limited"}
@string{Impcsd = "Department of Computing, Imperial College"}
@string{icdoc = "Department of Computing, Imperial College, London"}
@string{Ill-UCh = "University of Illinois at Urbana-Champaign"}
@string{Ill-Chicago = "University of Illinois at Chicago"}
@string{Ill-UChCS="Department of Computer Science,"#Ill-Uch}
@string{IowaCSD = "Department of Computer Science, Iowa State University"}
@string{IowaCSD-address = "Ames, Iowa"}
@string{ukc-cl	= "Computing Laboratory, University of Kent at Canterbury"}
@string{Leeds-CSD="University of Leeds, Department of Computer Science"}
@string{linkoping="Linkoping University, Sweden"}
@string{lundCS  = "Department of Computer Science, Lund University"}
@string{MCC	= "Microelectronics and Computer Technology Corporation"}
@string{michcrl	= "Computing Research Laboratory, University of Michigan"}
@string{MIT	= "Massachusetts Institute of Technology"}
@string{MIT-AIL	= "MIT Lab. for Artificial Intelligence"}
@string{MIT-EECS= "Dept. of Electrical Engineering and Computer Science, MIT"}
@string{MIT_EECS= "Dept. of Electrical Engineering and Computer Science, MIT"}
@string{MIT-LCS	= "MIT Laboratory for Computer Science"}
@string{mucsd	= "Department of Computer Science, University of Manchester"}
@string{mucsdaddress= "Oxford Road, Manchester, M13 9PL, U.K."}
@string{mucs-FM = "Formal Methods Group, Dept. of Comp. Sci., University of
			 Manchester"}
@string{mucs-Mule="The Mule Subgroup, Formal Methods Group, Dept. Comp. Sci.,
			 Univ. of Manchester"}
@string{newcastle="University of Newcastle upon Tyne Computing Laboratory"}
@string{nijcsd	= "Department of Computer Science, University of Nijmegen"}
@string{nijinf	= "Department of Informatics, University of Nijmegen"}
@string{nystoney= "Department of Computer Science,
		   State University of New York at Stoney Brook"}
@string{nystoneyaddress="Stoney Brook, New York"}
@string{ohio	= "Department of Computer and Information Science,
		   Ohio State University"}
@string{ohioaddress="Columbus, Ohio"}
@string{oregonCS= "Oregon Graduate Center, Dept. of Computer
			 Science and Electronics"}
@string{oregonSU= "Oregon State University"}
@string{oslo	= "Department of Informatics, University of Oslo"}
@string{oxcl	= "Oxford University Computing Laboratory"}
@string{oxprg	= "Oxford University Computing Laboratory, Programming Research
			 Group"}
@string{PARC	= "Xerox PARC"}
@string{prl	= "Philips Research Laboratories"}
@string{QMC-CS	= "Department of Computer Science, Queen Mary
			 College, London"}
@string{QMW-CS	= "Department of Computer Science, Queen Mary
			 and Westfield College, London"}
@string{RAL	= "Rutherford Appleton Laboratory"}
@string{RSRE	= "Royal Signals and Radar Establishment, Great Malvern"}
@string{rice	= "Rice University"}
@string{saarlandes = "Universit{\"a}t des Saarlandes"}
@string{SchDoll	= "Schlumberger-Doll Research"}
@string{SonyCSL = "Sony Computer Science Laboratory Inc."}
@string{SRI	= "SRI International"}
@string{stanf	= "Stanford University"}
@string{stanfcis = "Centre for Integrated Systems, Stanford University"}
@string{stanfcsd = "Department of Computer Science, Stanford University"}
@string{stanfCSL = "Computer Systems Laboratory, Stanford University"}
@string{stirling = "Department of Computer Science, University of Stirling"}
@string{StockTel = "The Royal Institute of Technology, Dept. of
			 Telecommunication Systems-Computer Systems, S-100 44
			 Stockholm, Sweden"}
@string{strath  = "University of Strathclyde"}
@string{surrey = "Department of Mathematical and Computing Sciences, 
			 University of Surrey"}
@string{syrcs	= "Department of Computer Science, Syracuse University"}
@string{tek	= "Tektronix Research Labs"}
@string{texics	= "Institute for Computing Science and Computer Applications,
			 University of Texas at Austin"}
@string{texcsd	= "Department of Computer Sciences, University of Texas at Austin"}
@string{Tokyo	= "University of Tokyo"}
@string{TorontoCSRG="Computer Systems Research Group, Univ. of Toronto"}
@string{toronto="Department of Computer Science, University of Toronto"}
@string{tudcsd	= "Department of Computer Science, Technical University of Denmark"}
@string{ucal	= "University of California"}
@string{UCB-CSRG= "Computer Systems Research Group,
		   Department of Electrical Engineering and Computer Sciences,
		   University of California,
		   Berkeley, California 94720"}
@string{UCB-CS	= "Computer Science Division,
		   Department of Electrical Engineering and Computer Sciences,
		   University of California,
		   Berkeley, California 94720"}
@string{UCSB-CS = "Computer Science Department, University of
			 California, Santa Barbara"}
@string{ucsc-cis = "Board of Studies in Computer and Information
	Sciences, University of California at Santa Cruz"}
@string{ucsc-ceis = "Center for Computer Engineering and Information
	Sciences, University of California at Santa Cruz"}
@string{utrcsd	= "Department of Computer Science, University of Utrecht"}
@string{UUtah 	= "University of Utah"}
@string{UVictoriaCS="Department of Computer Science, University of Victoria"}
@string{UWash	= "University of Washington"}
@string{UWashCS	= "University of Washington, Computer Science Department"}
@string{UWashCSE = "Department of Computer Science and Engineering,
		University of Washington"}
@string{UYork   = "University of York, Computer Science Department"}
@string{wiscCSD="Computer Sciences Department, University of
		 Wisconsin, Madison"}
@string{Xerox-SDD= "Systems Development Division, Xerox Corp."}
@string{yale	= "Yale University"}
@string{yaleCS	= "Department of Computer Science, Yale University"}
@string{Weiz =	  "Department of Applied Mathematics,
		   The Weizmann Institute of Science"}
@string{wisconsin="The University of Wisconsin"}
@string{Purdue =  "Purdue University, Department of Computer Science"}
		
@string{Acad	= "Academic Press"}
@string{AddWes	= "Addison-Wesley"}
@string{allen	= "W. H. Allen"}
@string{allyn   = "Allyn and Bacon"}
@string{blackwell="Blackwell"}
@string{blackS  = "Blackwell Scientific"}
@string{EdArnold= "Edward Arnold"}
@string{arrow	= "Arrow"}
@string{CUP	= "Cambridge University Press"}
@string{CCA-HMSO= "Central Computer Agency, HMSO"}
@string{CSLI	= "Center for the Study of Language and Information"}
@string{CSP	= "Computer Science Press"}
@string{CompSoc = "Computer Society Press"}
@string{CSPPitman="Computer Science Press Pitman"}
@string{DP	= "Digital Press"}
@string{DP/AMS	= "Digital Press/American Mathematical Society"}
@string{ellis	= "Ellis Horwood"}
@string{ESP	= "Elsevier Science Publishers (IFIP) North-Holland"}
@string{freeman = "W. H. Freeman"}
@string{harvester="Harvester Press"}
@string{hayden	= "Hayden"}
@string{heinemann="Heinemann"}
@string{hilger	= "Adam Hilger"}
@string{IEEECS	= "IEEE Computer Society Press"}
@string{I29	= "Input Two-Nine"}
@string{IFIPpub = "International Federation for Information Processing"}
@string{M&J/AE	= "Macdonald \& Jane's/American Elsevier"}
@string{Mcm	= "Macmillan"}
@string{MUP	= "Manchester University Press"}
@string{McGH	= "McGraw-Hill"}
@string{McGHI	= "McGraw-Hill International Business Machines Corporation"}
@string{MITpress = "MIT Press"}
@string{CSseries= "Computer Systems Series"}
@string{MorgKauf = "Morgan Kaufmann Publishers, Inc."}
@string{NCC	= "National Computer Centre"}
@string{newnes	= "Newnes Technical (Butterworth)"}
@string{NHoll	= "North-Holland"}
@string{norton	= "W. W. Norton \& Company"}
@string{OMcGH	= "OSBORNE/McGraw-Hill"}
@string{OUP	= "Oxford University Press"}
@string{penguin = "Penguin Books"}
@string{peregrinus="Peter Peregrinus"}
@string{pergamon= "Pergamon"}
@string{PetCh	= "Petrocelli/Charter"}
@string{pitman	= "Pitman"}
@string{PH	= "Prentice-Hall"}
@string{PHI	= "Prentice-Hall International"}
@string{RoutKP  = "Routledge and Kegan Paul"}
@string{sams	= "Howard W. Sams"}
@string{SigmaT	= "Sigma Technical Press"}
@string{springer= "Springer-Verlag"}
@string{SV	= "Springer-Verlag"}
@string{TYB	= "Teach Yourself Books"}
@string{vNR	= "van Nostrand Reinhold"}
@string{wiley	= "John Wiley \& Sons"}

@string{OOCPbook = "Object-Oriented Concurrent Programming"}

