
@article{johnson97,
	author   = {David Johnson and Shalom Lappin},
	doi      = {10.1023/A:1005328611460},
	journal  = {Linguistics and Philosophy},
	keywords = {linguistics, minimalism},
	month    = {June},
	number   = {3},
	pages    = {273--333},
	priority = {0},
	title    = {A Critique of the Minimalist Program},
	url      = {http://dx.doi.org/10.1023/A:1005328611460},
	volume   = {20},
	year     = {1997}
}

@article{nalon,
	author    = {C. Nalon and C. Dixon},
    title     = {Clausal resolution for normal modal logics},
	journal   = {Journal of Algorithms},
	volume    = {62},
	year      = {2007},
	pages     = {117--134},
}

@article{mdml,
    author    = {D.~Gabbay and A.~Kurucz and F.~Wolter and M.~Zakharyaschev},
	title     = {Many-Dimensional modal logics: theory and applications},
	journal   = {Studies in logic and the foundations of Mathematics },
	volume    = {148},
	year      = {2003},
}
@article{carpenter91,
	author    = {Bob Carpenter},
	title     = {The Generative Power of {C}ategorial {G}rammars and {H}ead-{D}riven {P}hrase
	             {S}tructure {G}rammars with Lexical Rules},
	journal   = {Computational Linguistics},
	volume    = {17},
	number    = {3},
	year      = {1991},
	issn      = {0891-2017},
	pages     = {301--313},
	publisher = {MIT Press}
}

@article{complex_modal,
	author    = {R.~E.~Ladner},
	title     = {The computational complexity of provability in systems of modal
    propositional logic},
	journal   = {{SIAM} {J}. {C}omput},
	volume    = {6},
	year      = {1977},
}

@INPROCEEDINGS{complex_thproving,
	author    = {S.~A.~Cook},
    title = {The complexity of theorem-proving procedures},
    booktitle = {In Proceedings of the 3rd annual ACM STOC},
    year = {1971},
    pages = {151--158}
}
@article{silva:impl_provador,
	author    = {G.~B.~Silva},
	title     = {Implementação de um provador de teoremas por resolução para
        lógicas modais normais},
	journal   = {Monografia de conclusão de curso, Bacharelado em Ciência da
        Computação},
    address   = {Universidade de Brasília},
	year      = {2013},
}
@MISC{belief,
	author    = {M.~Fitting},
	title     = {Destructive modal resolution},
	year      = {1989},
}
@article{clausal_tableaux,
	author    = {R.~Goré and L.~A.~Nguyen},
	title     = {Clausal tableaux for multimodal logics of belief},
	journal   = {Fundamenta Informaticae},
    volume    = {94},
    pages     = {21--40},
	year      = {2009},
}
@INPROCEEDINGS{toran:prop_resolution,
	author    = {J.~Torán},
    title = {Space and width in propositional resolution},
    booktitle = {Bulletin of the EATCS},
    year = {2004},
    pages = {86--104}
}

@book{chellas:modal_logic,
	author    = {B.~F.~Chellas},
	title     = {Modal logic --- an introduction},
	publisher = {Press Syndicate of the University of Cambridge},
	address   = {London},
	year      = {1980}
}
@book{fit:tableaux,
	author    = {M.~Fitting and R.~L.~Mendelsohn},
	title     = {First order modal logic},
	publisher = {Kluwer Academic Plubishers},
	address   = {New York},
	year      = {1998}
}
