

@Article{Hustadt:2001:VWK,
  author =       "Ullrich Hustadt and Clare Dixon and Renate A. Schmidt
                 and Michael Fisher and John-Jules Meyer and Wiebe van
                 der Hoek",
  title =        "Verification within the {KARO} Agent Theory",
  journal =      "Lecture Notes in Computer Science",
  volume =       "1871",
  pages =        "33--47",
  year =         "2001",
  CODEN =        "LNCSD9",
  ISSN =         "0302-9743",
  bibdate =      "Sat Feb 2 13:02:37 MST 2002",
  URL =          "http://link.springer-ny.com/link/service/series/0558/bibs/1871/18710033.htm;
                 http://link.springer-ny.com/link/service/series/0558/papers/1871/18710033.pdf",
  acknowledgement = ack-nhfb,
}


@ARTICLE{BDFHFHR02,
 AUTHOR        = {Bennett, Brandon and 
 Dixon, Clare and Fisher, Michael and Hustadt, Ullrich and
 Franconi, Enrico and Horrocks, Ian and 
 de Rijke, Maarten},
 TITLE         = {Combinations of Modal Logics},
 JOURNAL       = {AI Review},
 VOLUME        = {17},
 NUMBER        = {1},
 PAGES         = {1--20},
 MONTH         = mar,
 YEAR          = {2002},
}



@Article{kracht:1991,
  author =       "M. Kracht and F. Wolter",
  journal =      "Journal of Symbolic Logic",
  pages =        "1469--1485",
  title =        "{Properties of Independently Axiomatizable Bimodal
                 Logics}",
  volume =       "54 (4)",
  year =         "1991",
}



@Article{Inverno:96:FMAS,
  author =       "M. d'Inverno and M. Fisher and A. Lomuscio and M. Luck
                 and M. de Rijke and M. Ryan and M. Wooldridge",
  title =        "Formalisms for Multi-Agent Systems",
  journal =      "The Knowldedge Engineering Review",
  year =         "1997",
  volume =       "12",
  number =       "3",
  URL =          "http://www.dcs.warwick.ac.uk/~fomas/fomas96/abstracts/ker2.ps",
}

@phdthesis{Fer04,
        author      =   "M. C. ~Fern\'{a}ndez Gago",
        title       =   "{E}fficient {C}ontrol of {T}emporal {R}easoning",
        school      =   " University of Liverpool",
        year        =   "2004",
        month       =    jan
}

@Book{blackburnetal01,
  author    = {P. Blackburn AND M. de Rijke AND Y. Venema},
  title        = {Modal Logic},
  publisher    = {Cambridge University Press},
  year        = {2001},
  number    = {53},
  series    = {Cambridge Tracts in Theoretical Computer Science}
}


@phdthesis{Rijke93,
        author      =   "M. de Rijke",
        title       =   "{E}xtending {M}odal of {L}ogics",
        school      =   " University of Amsterdam",
        year        =   "1993"
}



@inproceedings{DF00,
               author  =  "A.~Degtyarev and M.~Fisher",
               title   =  "{P}ropositional {T}emporal {R}esolution {R}evised",
               booktitle = "Proceedings of the 7th {W}orkshop on {A}utomated {R}easoning (ARW'00)",
               month   = jun,
               editor  = "H.~J.~Ohlbach",
	       year    =  "2000",
               address = "London"
}

@inproceedings{DF01,
               author  =  "A.~Degtyarev and M.~Fisher",
               title   =  "{T}owards {F}irst-{O}rder {T}emporal {R}esolution",
               booktitle = "Proceedings of KI-2001",
	       year    =  "2001",
               series      =   "Lecture Notes in Artificial Intelligence",
               volume      =   2174,
               publisher   =   "Springer-Verlag"
} 

@article{PG86,
	author	    =	"D.A.~Plaisted and S.A.~Greenbaum",
	title	    =	"{A} {S}tructure-{P}reserving {C}lause {F}orm {T}ranslation",
	year	    =	"1986",
	journal	    =	"Journal of Logic and Computation",		  
  	volume	    =	"2",
	pages       =	"293-304"
}





@article{AbadiManna85,
	author	    =	"M.~Abadi and Z.~Manna",
	title	    =	"{N}onclausal {T}emporal {D}eduction",
	journal	    =	"Lecture Notes in Computer Science",
	volume	    =	"193",
	pages	    =	"1-15",
	year	    =	"1985",
	comments    =	"Bib file ours.bib (clare);",
	location    =	"cldcopy"
}

		  
@techreport{Abadi88-power,
	author	    =	"M.~Abadi",
	title	    =	"{T}he {P}ower of {T}emporal {P}roofs",
	institution =	"DEC Systems Research Center",
	number	    =	"30",
	year	    =	"1988",
	month	    =	 aug,
	type	    =	"Technical Report",
	address	    =	"Palo Alto, California",
	comments    =	"Bib file ours.bib (michael)",
	location    =	"mdfcopy"
}

@article{AbadiManna89-templog,
	author	    =	"M.~Abadi and Z.~Manna",
	title	    =	"{T}emporal {L}ogic {P}rogramming",
	journal	    =	"Journal of Symbolic Computation",
	volume	    =	"8",
	pages	    =	"\ 277-295",
	year	    =	"1989",
	comments    =	"Bib file ours.bib (michael)",
	location    =	"mdfcopy"
}
@phdthesis{Aba87,
	author	    =	"M.~Abadi",
	title	    =	"{T}emporal-{L}ogic {T}heorem {P}roving",
	school	    =	stanfcsd,
	year	    =	"1987",
	month	    =	 mar,
	comments    =	"nonclausal temporal resolution",
	location    =	"GDG copy"
}

@article{AM90,
	author =	"M.~Abadi and Z.~Manna",
	title =		"{N}onclausal {D}eduction in {F}irst-{O}rder
			 {T}emporal {L}ogic",
	journal =	JACM,
	volume =	"37",
	number =	"2",
	pages =		"279-317",
	month =		apr,
	year =		"1990",
	location =	"mdfcopy"
}
@incollection{Bgr87galton,
	author	    =	"H.~Barringer",
	title	    =	"{U}sing {T}emporal {L}ogic in the
			 {C}ompositional {S}pecification of
			 {C}oncurrent {S}ystems",
	booktitle   =	"{T}emporal {L}ogics and their {A}pplications",
	publisher   =	"Academic Press Inc. Limited",
	year	    =	"1987",
	editor	    =	"A.~P.~Galton",
	chapter	    =	 2,
	pages	    =	"53-90",
	address	    =	"London",
	month	    =	 dec
}

@techreport{BB-tr,
	author	    =	"B.~Banieqbal and H.~Barringer",
	title	    =	"{A} {S}tudy of an {E}xtended {T}emporal {L}ogic
                         and a {T}emporal {F}ixed {P}oint {C}alculus",
	institution =	mucsd,
	number	    =	"{UMCS-86-10-2}",
	year	    =	"1986",
	month	    =	 oct,
	type	    =	"{T}echnical {R}eport",
	address	    =	"Oxford Road, Manchester M13 9PL, U.K.",
	comments    =	"Bib file ours.bib (clare)",
	location    =	"cdcopy"
}

@inproceedings{BFG89fair,
	author	    =	"H.~Barringer and M.~Fisher and G.~Gough",
	title	    =	"{F}air {SMG} and {L}inear {T}ime {M}odel
			 {C}hecking",
	booktitle   =	"Proceedings of Workshop on Automatic Verification
			 Methods for Finite State Systems",
        series      =   "Lecture Notes in Computer Science",
        volume      =   407,
        publisher   =   "Springer-Verlag",
	month	    =   jun,
	year	    =	"1989",
	address	    =	"Grenoble, France"
}

@techreport{BFGGO89-TR,
	author	    =	"H.~Barringer and M.~Fisher and D.~Gabbay
			 and G.~Gough and R.~Owens",
	title	    =	"{\sc MetateM}: {A} {F}ramework for
			 {P}rogramming in {T}emporal {L}ogic",
	institution =	mucsd,
	number	    =	"{UMCS-89-10-4}",
	year	    =	"1989",
	month	    =	 oct,
	type	    =	"{T}echnical {R}eport",
	address	    =	"Oxford Road, Manchester M13 9PL, U.K.",
	comments    =	"Bib file ours.bib (michael)",
	location    =	"mdfcopy"
}
@article{BK83,
        author =        "H.~Barringer and R.~Kuiper",
        title =         "{T}owards the {H}ierarchical, {T}emporal
                         {L}ogic {S}pecification of {C}oncurrent {S}ystems",
        journal =       "Lecture Notes in Computer Science",
        volume =        "207",
        month =         sep,
        year =          "1983",
        location =      "mdfcopy"
}

@inproceedings{BKP86popl,
	author =	"H.~Barringer and R.~Kuiper and A.~Pnueli",
	title =		"A {R}eally {A}bstract {C}oncurrent
			 {M}odel and its {T}emporal {L}ogic", 
	booktitle =	POPL13,
	address =	POPL13address,
	month =		jan,
	year =		"1986",
	location =	"cldcopy"
}


@inproceedings{BFGGO89,
	author	    =	"H.~Barringer and M.~Fisher and D.~Gabbay
			 and G.~Gough and R.~Owens",
	title	    =	"{\sc MetateM}: {A} {F}ramework for
			 {P}rogramming in {T}emporal {L}ogic",
	booktitle   =	"Proceedings of REX Workshop on Stepwise
			 Refinement of Distributed Systems:
			 Models, Formalisms, Correctness", 
	year	    =	"1989",
        series      =   "Lecture Notes in Computer Science",
        volume      =   430,
        publisher   =   "Springer-Verlag",
	address	    =	"Mook, Netherlands",
	month	    =	 jun,
	comments    =	"Bib file ours.bib (michael)",
	location    =	"mdfcopy"
}
@book{BFGOR96:book,
	title   =	"The Imperative Future: Principles of Executable Temporal Logic. ",
	year	    =	1996,
        month       =   may,
        editor	    =	"H.~Barringer and M. Fisher and D. Gabbay and
	R. Owens and M. Reynolds",
	publisher   =   "Research Studies Press",
	location    =	"mdfbook"
}

@inproceedings{BKP84stoc,
	author =	"H.~Barringer and R.~Kuiper and A.~Pnueli",
	title =		"{N}ow {Y}ou {M}ay {C}ompose {T}emporal
			 {L}ogic {S}pecifications", 
	booktitle =	STOC16,
	year =		"1984",
	location =	"cldcopy",
	comments =	"probably one of the better ones"
}
@inproceedings{BF97:ctl,
	author	    =	"A.~Bolotov and M.~Fisher",
	title	    =	"{A} {R}esolution {M}ethod for {CTL}
        		  {B}ranching-{T}ime {T}emporal {L}ogic",
	booktitle   =	"Proceedings of TIME-97 the Fourth International
		  Workshop on Temporal Representation and Reasoning", 
	month	    =	 may,
	year	    =	"1997",
        pages       =   "20-27",
        address     =    "Daytona Beach, Florida",
        publisher   =   "IEEE Computer Society Press",
	location    =	"cldcopy"
}
		  
@unpublished{BF97:ctl*,
	author	    =	"A.~Bolotov and M.~Fisher",
	title	    =	"{C}lausal {R}esolution for {CTL*}",
	year	    =	"1997",
  	note	    =	"({I}n preparation)",
	comments    =	"Bib file ours.bib (clare)",
	location    =	"cldcopy"
}

@inproceedings{BDF99:ctlstar,
	author	    =	"A.~Bolotov and C.~Dixon and M.~Fisher",
	title	    =	"{C}lausal {R}esolution for {CTL*}",
        booktitle   =   "Proceedings of the 24th International Symposium on
		  Mathematical Foundations of Computer Science",
	year	    =	"1999",
        address     =   "Szklarska Poreba, Poland",
	publisher   =   "Springer",
	comments    =	"Bib file ours.bib (clare)",
	location    =	"cldcopy"
}

@mastersthesis{Dix92,
	author =	"C.~L.~Dixon",
	title =		"{A} {G}raph-{B}ased {A}pproach to {R}esolution in
                         {T}emporal {L}ogic",
	school =	mucsd,
	month =		"October",
	year =		"1992",
        note =          "Also University of Manchester, Department of
                         Computer Science, Technical Report UMCS-93-9-2",
	location =	"cdcopy"
}


@inproceedings{Dix94,
	author =	"C.~Dixon and M.~Fisher and H.~Barringer",
	title =		"{A} {G}raph-{B}ased {A}pproach to {R}esolution in
                         {T}emporal {L}ogic",
	booktitle   =	"Temporal Logic, First International Conference,
           		  ICTL '94, Proceedings",
        series      =   LNAI,
        volume      =    827,
        publisher   =    "Springer-Verlag",
        editor      =   "D.~M.~Gabbay and H.~J.~Ohlbach", 
	address	    =	"Bonn, Germany",
	month =		"July",
	year =		"1994",
	location    =	"cdcopy"
}

@phdthesis{Dix95,
	author	    =	"C.~Dixon",
	title	    =	"{S}trategies for {T}emporal {R}esolution",
	school	    =	mucsd,
	year	    =	"1995"
}

		  
@inproceedings{Dix96,
	author	    =	"C.~Dixon",
	title	    =	"{T}emporal {R}esolution: {A} {B}readth-{F}irst
		  {S}earch {A}pproach",
	booktitle   =	"Proceedings of TIME-96 the Third International
		  Workshop on Temporal Representation and Reasoning", 
	month	    =	 may,
	year	    =	"1996",
        note        =   "Pre-symposium workshop held in conjunction with
		  the Ninth Florida Artificial Intelligence Research
		  Symposium (FLAIRS-96), Key West, Florida",
	comments    =	"Bib file ours.bib (clare)",
	location    =	"cldcopy"
}

@inproceedings{Dix96-short,
	author	    =	"C.~Dixon",
	title	    =	"{T}emporal {R}esolution: {A} {B}readth-{F}irst
		  {S}earch {A}pproach",
	booktitle   =	"Proceedings of TIME-96 the Third International
		  Workshop on Temporal Representation and Reasoning", 
	month	    =	 may,
	year	    =	"1996",
        address        =   "Key West, Florida",
	comments    =	"Bib file ours.bib (clare)",
	location    =	"cldcopy"
}

@inproceedings{Dix96-CADE,
	author	    =	"C.~Dixon",
	title	    =	"{S}earch {S}trategies for {R}esolution in
		  {T}emporal {L}ogics",
	booktitle   =	"Proceedings of the Thirteenth International
    		  Conference on Automated Deduction (CADE)", 
        series      =   LNAI,
        volume      =  1104,
  	pages	    =	"672-687",
	publisher   =  "SPRINGER-VERLAG",
        address     =  "New Brunswick, New Jersey",
        month	    =	"July/August",
	year	    =	"1996",
	editor      =   "M.~A.~McRobbie and J.~K.~Slaney",
	comments    =	"Bib file ours.bib (clare) ISBN 3-540-61511-3",
	location    =	"cldcopy"
}

@unpublished{Dix96:bfs,
	author	    =	"C.~Dixon",
	title	    =	"{T}emporal {R}esolution using a {B}readth-{F}irst
		  {S}earch {A}lgorithm",
	year	    =	"1996",
  	note	    =	"({S}ubmitted)",
	comments    =	"Bib file ours.bib (clare)",
	location    =	"cldcopy"
}
@article{Dix98:bfs,
	author	    =	"C.~Dixon",
	title	    =	"{T}emporal {R}esolution using a {B}readth-{F}irst
		  {S}earch {A}lgorithm",
	year	    =	"1998",
        journal     =   "Annals of Mathematics and Artificial Intelligence",
	volume      =   22,
        pages       =   "87-115",
	comments    =	"Bib file ours.bib (clare), ISSN 1012-2443",
	location    =	"cldcopy"
}

@article{Dix98:jetai,
	author	    =	"C.~Dixon",
	title	    =	"{R}emoving {I}rrelevant {I}nformation in
		  {T}emporal {R}esolution {P}roofs",
	year	    =	"1999",
        journal     =   JETAI,
	volume      =   11,
	pages       =   "95-121",
	comments    =	"Bib file ours.bib (clare), ISSN 0952-813X",
	location    =	"cldcopy"
}

@inproceedings{DF2000:time,
	author	    =	"C.~Dixon and M.~Fisher",
	title	    =	"{R}esolution-{B}ased {P}roof for {M}ulti-{M}odal {T}emporal {L}ogics of {K}nowledge",
        booktitle   =   "Proceedings of the Seventh International Workshop on Temporal Representation and Reasoning (TIME'00)",
	year	    =	"2000",
        editor      =   "S.~Goodwin and A.~Trudel",
        publisher   =   "IEEE Computer Society Press",
        pages       =   "69-78",
        ISBN        =   "0-7695-0756-5",
        address     =   "Cape Breton, Nova Scotia, Canada",
        month       =   jul
}

@inproceedings{DF2000:ictl,
	author	    =	"C.~Dixon and M.~Fisher",
	title	    =	"{C}lausal {R}esolution for {L}ogics of {T}ime and {K}nowledge with {S}ynchrony and {P}erfect {R}ecall",
        booktitle   =   "Proceedings of the Third International Conference in Temporal Logic (ICTL)",
        pages       =   "43--52",
	year	    =	"2000",
        address     =   "Leipzig, Germany",
	comments    =	"to correct entry in bib file"
}

@book{DF99-TIME,
	editor	    =	"C.~Dixon and M.~Fisher",
	title   =	"Proceedings of the Sixth International
		  Workshop on Temporal Representation and Reasoning (TIME-99)", 
	month	    =	 may,
	year	    =	"1999",
        address     =    "Orlando, Florida",
        publisher   =   "IEEE Computer Society Press",
	note        =   "ISBN 0-7695-0173-7",
	location    =	"cldcopy",
        comment     =   "(To appear.)"
}

@inproceedings{DF98-TIME,
	author	    =	"C.~Dixon and M.~Fisher",
 	title	    =	"{T}he {S}et of {S}upport {S}trategy in {T}emporal
		  {R}esolution", 
	booktitle   =	"Proceedings of TIME-98 the Fifth International
		  Workshop on Temporal Representation and Reasoning", 
	month	    =	 may,
	year	    =	"1998",
        address     =    "Sanibel Island, Florida",
        publisher   =   "IEEE Computer Society Press",
	location    =	"cldcopy"
}

 @inproceedings{Dix97-TIME,
	author	    =	"C.~Dixon",
	title	    =	"{T}emporal {R}esolution: {R}emoving {I}rrelevant
		  {I}nformation",
	booktitle   =	"Proceedings of TIME-97 the Fourth International
		  Workshop on Temporal Representation and Reasoning", 
	month	    =	 may,
	year	    =	"1997",
        address     =    "Daytona Beach, Florida",
	pages       =   "4-11",		  
        publisher   =   "IEEE Computer Society Press",
	location    =	"cldcopy"
}


@inproceedings{Dix97-short,
	author	    =	"C.~Dixon",
	title	    =	"{T}emporal {R}esolution: {R}emoving {I}rrelevant
		  {I}nformation",
	booktitle   =	"Proceedings of TIME-97 the Fourth International
		  Workshop on Temporal Representation and Reasoning", 
	month	    =	 may,
	year	    =	"1997",
        address        =   "Daytona Beach, Florida",
	pages       =   "4-11",
	comments    =	"Bib file ours.bib (clare)",
	location    =	"cldcopy"
} 


%in Proceedings of the Second International Conference on Temporal Logic (ICTL'97), Manchester, UK, July 1997. In Advances in Temporal Logic, volume 16, pages 149--166, 2000. Kluwer. ISBN 0-7923-6149-0
		  
@inproceedings{Dix97-ICTL,
	author	    =	"C.~Dixon",
	title	    =	"{U}sing {O}tter for {T}emporal {R}esolution",
	booktitle   =	"Proceedings the Second International
		  Conference on Temporal Logic (ICTL'97)", 
	year	    =	"2000",
        address     =    "Manchester, U.K.",
        publisher   =   "Kluwer",
	series      =   "Advances in Temporal Logic",
        volume      =    16,
        pages       =  "149--166",
	location    =	"cldcopy"
}

@unpublished{DF98:inter,
	author	    =	"C.~Dixon and M.~Fisher",
	title	    =	"{R}esolution for {T}emporal {L}ogics of
		  {K}nowledge with {I}nteractions",
	year	    =	"1998",
  	note	    =	"(Submitted)",
	comments    =	"Bib file ours.bib (clare)",
	location    =	"cldcopy"
}
@unpublished{DF99:interact,
	author	    =	"C. Dixon and M. Fisher",
	title	    =	"{Clausal Resolution for Logics of Interacting Time and Knowledge}", 
	note        =   "{(In preparation)}",
	year	    =	"1999",
	comments    =	"Bib file ours.bib (michael)",
	location    =	"mdfcopy"
}

@unpublished{DF99:belief,
        author      =   "C. Dixon and M. Fisher",
        title       =   "{Clausal Resolution for Temporal Logics of Belief}",
        note        =   "{(Submitted)}",
        year        =   "1999",
        comments    =   "Bib file ours.bib (michael)",
        location    =   "mdfcopy"
}

@inproceedings{DF97:tabinter,
	author	    =	"C.~Dixon and M.~Fisher",
	title	    =	"{T}ableaux for {S}ynchronous {S}ystems of {K}nowledge
		  and {T}ime with {I}nteractions",
	booktitle   =	"Proceedings of the Sixth Scandinavian Conference
		  on Artificial Intelligence (SCAI)", 
	month       =    aug,
        year	    =	"1997",
        editor      =   "G.~Grahne",
	comments    =	"Bib file ours.bib (clare)",
	location    =	"cldcopy"
}

@inproceedings{DFJ95,
	author	    =	"C.~Dixon and M.~Fisher and R.~Johnson",
	title	    =	"{P}arallel {T}emporal {R}esolution",
	booktitle   =	"Proceedings of TIME-95 the Second International
		  Workshop on Temporal Representation and Reasoning", 
	month	    =	 apr,
	year	    =	"1995",
        note        =   "Pre-symposium workshop held in conjunction with
		  the Eighth Florida Artificial Intelligence Research
		  Symposium (FLAIRS-95), Melbourne Beach, Florida",
	comments    =	"Bib file ours.bib (clare)",
	location    =	"cldcopy"
}
@inproceedings{DFJ95-short,
	author	    =	"C.~Dixon and M.~Fisher and R.~Johnson",
	title	    =	"{P}arallel {T}emporal {R}esolution",
	booktitle   =	"Proceedings of TIME-95 the Second International
		  Workshop on Temporal Representation and Reasoning", 
	month	    =	 apr,
	year	    =	"1995",
        address        =   "Melbourne Beach, Florida",
	comments    =	"Bib file ours.bib (clare)",
	location    =	"cldcopy"
}
@inproceedings{DFR97-ICTL,
	author	    =	"C.~Dixon and M.~Fisher and M.~Reynolds",
	title	    =	"{E}xecution and {P}roof in {H}orn-{C}lause {T}emporal {L}ogic",
	booktitle   =	"Proceedings the Second International
		  Conference on Temporal Logic (ICTL)", 
	month	    =	 jul,
	year	    =	"1997",
        address     =    "Manchester, U.K.",
        publisher   =   "Kluwer",
	series      =   "Applied Logic Series",
	note        =   "To appear",
	location    =	"cldcopy"
}

@article{DFW97:JLC,
	author	    =	"C.~Dixon and M.~Fisher and M.~Wooldridge",
	title	    =	"{R}esolution for {T}emporal {L}ogics of {K}nowledge",
	year	    =	"1997",
	journal	    =	"Journal of Logic and Computation",		  
  	note	    =	"To appear",
	comments    =	"Old version use that below",
	location    =	"cldcopy"
}

@article{DFW98:JLC,
	author	    =	"C.~Dixon and M.~Fisher and M.~Wooldridge",
	title	    =	"{R}esolution for {T}emporal {L}ogics of {K}nowledge",
	year	    =	"1998",
	journal	    =	"Journal of Logic and Computation",		  
        volume      =    8,
        number      =    3,
	pages       =   "345-372",
        publisher   =   OUP,		  
	comments    =	"Bib file ours.bib (clare), ISSN 0955-792X",
	location    =	"cldcopy"
}

@mastersthesis{Elliott96,
	author =	"I.~Elliott",
	title =		"{An Implementation of a Tableau-Based Decision Procedure for Temporal Logics of Knowledge and Belief}",
	school =	mmudoc,
	month =		"October",
	year =		"1996",
	location =	"mdfcopy"
}

@inproceedings{Fis90-resolve,
	author	    =	"M.~Fisher",
	title	    =	"{A} {R}esolution {M}ethod for {T}emporal {L}ogic",
	booktitle   =	"Proceedings of the Twelfth International Joint
			 Conference on Artificial Intelligence (IJCAI)",
	publisher   =	"Morgan Kaufman",
	address	    =	"Sydney, Australia",
	month	    =	 aug,
	year	    =	"1991",
	pages       =   "99--104",
	comments    =	"Bib file ours.bib (michael)",
	location    =	"mdfcopy"
}
@inproceedings{Fisher91normalizing,
	author	    =	"M.~Fisher",
	title	    =	"{A} {N}ormal {F}orm for {F}irst-{O}rder
			 {T}emporal {F}ormulae",
	booktitle   =	"Proceedings of Eleventh International
			 Conference on Automated Deduction (CADE)",
        series      =   "Lecture Notes in Computer Science",
        volume      =   607,
        publisher   =   "Springer-Verlag",
	address	    =	"Saratoga Springs, New York",
	month       =	jun,
	year	    =	"1992",
	pages       =   "370--384",
	comments    =	"Bib file ours.bib (michael)",
	location    =	"mdfcopy"
}

@article{Fis92model,
	author	    =	"M.~Fisher",
	title	    =	"{A} {M}odel {C}hecker for {L}inear
			 {T}ime {T}emporal {L}ogic", 
	journal	    =	"Formal Aspects of Computing",
	volume	    =	"4",
	number	    =	"3",
	year	    =	"1992",
	month	    =	jun,
	pages	    =	"299-319",
	comments    =	"Bib file ours.bib (michael)",
	location    =	"mdfcopy"
}


@unpublished{Fisher93:tres,
	author	    =	"M.~Fisher",
	title	    =	"{A} {C}lausal {R}esolution {M}ethod for
			 {P}ropositional {T}emporal {L}ogic",
	note	    =	"({S}ubmitted)",
	year	    =	"1993",
	comments    =	"(Submitted to the {J}ournal of {L}ogic and {C}omputation),
                        Bib file ours.bib (michael); journal version",
	location    =	"mdfcopy"
}



@unpublished{Fisher93:snf,
	author	    =	"M.~Fisher",
	title	    =	"{A} {N}ormal {F}orm for {T}emporal {F}ormulae",
	note	    =	"({S}ubmitted)",
	year	    =	"1993"
}

@unpublished{Fisher92:essex,
	author	    =	"M.~Fisher",
	title	    =	"{A} {R}esolution {M}ethod for {T}emporal {L}ogic",
	note	    =	"({N}otes provided for the {F}ourth {E}uropean
			 {S}ummer {S}chool in {L}ogic, {L}anguage and
			 {I}nformation, {U}niversity of {E}ssex,
			 {A}ugust~1992)", 
	year	    =	"1992",
	comments    =	"Bib file ours.bib (michael)",
	location    =	"mdfcopy"
}

@article{Fisher97:JLC,
	author	    =	"M.~Fisher",
	title	    =	"{A Normal Form for Temporal Logic} and its
     	                 {Application in Theorem-Proving and Execution}", 
	journal	    =	"Journal of Logic and Computation",
	volume	    =   "7",
	number      =   "4",
	year	    =	"1997",
        month       =   aug,
        pages       =   "429-456",
        comments    =	"Bib file ours.bib (michael); journal version",
	location    =	"mdfcopy"
}

@inproceedings{FisherDixon97-ICTL,
	author	    =	"M.~Fisher and C.~Dixon ",
	title	    =	"{G}uiding {C}lausal {T}emporal {R}esolution",
	booktitle   =	"Proceedings the Second International
		  Conference on Temporal Logic (ICTL)", 
	month	    =	 jul,
	year	    =	"1997",
        address     =    "Manchester, U.K.",
        publisher   =   "Kluwer",
	series      =   "Applied Logic Series",
	note        =   "To appear",
	location    =	"cldcopy"
}

@techreport{FisherNoel90syn,
	author	    =	"M.~Fisher and P.~No{\"e}l",
	title	    =	"{T}ransformation and {S}ynthesis in \hbox{{\sc
			 MetateM}} -- {P}art~{I}: {P}ropositional
			 \hbox{{\sc MetateM}}",
	year	    =	"1992",
	institution =	mucsd,
	number	    =	"{UMCS-92-2-1}",
	month	    =	 feb,
	type	    =	"{T}echnical {R}eport",
	address	    =	"Oxford Road, Manchester M13 9PL, U.K.",
	location    =	"mdfcopy"
}
@book{FisherOwens95:LNAI,
	editor	    =	"M. Fisher and R. Owens",
	title	    =	"Executable Modal and Temporal Logics",
	publisher   =	"Springer-Verlag",
	year	    =	"1995",
	volume	    =	"897",
	series	    =	"Lecture Notes in Artificial Intelligence",
	month	    =	 feb,
	comments    =	"Bib file ours.bib (michael)",
	ISBN	    =	"3-540-58976-7",
	location    =	"mdfcopy"
}

@article{FisherWooldridge97:IJCIS,
        author          = "M. Fisher and M. Wooldridge",
        title           = "{On the Formal Specification and Verification of Multi-Agent Systems}",
        journal = "International Journal of Cooperative Information Systems",
        year        =   "1997",
        month       =    jan,
        volume      =   "6",
	number      =   "1"
}

		  
@inproceedings{FWD96:FAPR,
	author	= "M. Fisher and M. Wooldridge and C.~Dixon",
	title	= "{A Resolution-Based Proof Method for Temporal Logics
	of Knowledge and Belief}", 
        booktitle = "Proceedings of the International Conference on Formal
		  and Applied Practical Reasoning (FAPR-96)",
        address    = "Bonn, Germany", 
	month	   = jun,
	year	   = 1996
}

@unpublished{FDP99,
	author	    =	"M. Fisher and C. Dixon and M. Peim",
	title	    =	"{Clausal Temporal Resolution}",
	note        =   "{(Submitted)}",
	year	    =	"1999",
	comments    =	"Bib file ours.bib (michael)",
	location    =	"mdfcopy"
}

@article{FDP01,
	author	    =	"M. Fisher and C. Dixon and M. Peim",
	title	    =	"{Clausal Temporal Resolution}",
        journal     =   "{ACM Transactions on Computational Logic}",
        volume      =    2,
        number      =    1,
        month       =    jan,
	year	    =	"2001",
	comments    =	"Bib file ours.bib (michael)",
	location    =	"mdfcopy"
}

@unpublished{Gab79,
	author	    =	"D.~M.~Gabbay",
	title	    =	"The {S}eparation {P}roperty of {T}ense {L}ogics",
	year	    =	1979,
        month       =   sep,
        note        =  "Unpublished manuscript"
}


@inproceedings{Gab89,
	author	    =	"D.~M.~Gabbay",
	title	    =	"Declarative {P}ast and {I}mperative
			 {F}uture: {E}xecutable {T}emporal {L}ogic for 
			 {I}nteractive {S}ystems",
	booktitle   =	"Proceedings of {C}olloquium on
			 {T}emporal {L}ogic in {S}pecification",
	year	    =	1987,
	editor	    =	"B.~Banieqbal and H.~Barringer and A.~Pnueli",
	pages	    =	"402-450",
        series      =   "Lecture Notes in Computer Science",
        volume      =   398,
        publisher   =   "Springer-Verlag",
        address     =   "{A}ltrincham, U.K.",
	location    =	"mdfbook"
}
@article{Gabbay96:fibre,
	author	    =	"D.~M.~Gabbay",
	title	    =	"{F}ibred-{S}emantics and the {W}eaving of {L}ogics
		  {P}art 1:  {M}odal and {I}ntuitionistic {L}ogics",
	journal	    =	JSL,
	volume	    =	"61",
	number      =   "4",
        month       =   dec,
	pages	    =	"1057-1120",
	year	    =	"1996",
	comments    =	"Bib file ours.bib (clare)",
	location    =	"cldcopy"
}

@phdthesis{Gore91thesis,
        author      =   "R.~Gor{\'e}",
        title       =   "{C}ut-{F}ree {S}equent {S}ystems for
                         {P}ropositional {N}ormal {M}odal {L}ogics",
        school      =   "Computer Laboratory",
        year        =   1992,
        month       =   jun,
        note        =   "({T}echnical report no.~257)",
        address     =   "University of Cambridge, U.K.",
        comments    =   "Bib file ours.bib (michael)",
        location    =   "mdfcopy"
}

@mastersthesis{Gou84,
	author =	"G.~D.~Gough",
	title =		"{D}ecision {P}rocedures for {T}emporal {L}ogic",
	school =	"Manchester University",
	month =		"October",
	year =		"1984",
        note =          "Also University of Manchester, Department of
                         Computer Science, Technical Report UMCS-89-10-1",
	location =	"mdfcopy",
	comments =	"decision procedures for various flavours of TL"
}

@inproceedings{GPSS80,
	author =	"D.~Gabbay and A.~Pnueli and S.~Shelah and J.~Stavi",
	title =		"The {T}emporal {A}nalysis of {F}airness",
	booktitle =	"Proceedings of the 7th ACM Symposium on the Principles of Programming Languages",
	address =	POPL7address,
	pages =		"163-173",
	month =		"January",
	year =		"1980",
	location =	"mdfcopy",
	comments =	"another good (standard) TL reference"
}

@inproceedings{GB88esop,
	author	    =	"G.~D.~Gough and H.~Barringer",
	title	    =	"{A} {S}emantics {D}riven {T}emporal
			 {V}erification {S}ystem.",
	year	    =	1988,
        address     =   "Nancy, France",
        publisher   =   "Springer-Verlag",
        editor      =   "H.~Ganzinger",
	month	    =	 mar,
	booktitle   =	"Proceedings of the 2nd European Symposium on Programming ({ESOP} '88)",
        series      =   "Lecture Notes in Computer Science",
        volume      =    300,
	comments    =	"Bib file mdf-ours.bib (clare)",
	location    =	"cldcopy"
}


@inproceedings{HDSF2000,
        author     =    "U.~Hustadt and C.~Dixon and R.A.~Schmidt and M.~Fisher",
        title      =    "{N}ormal {F}orms and {P}roofs in {C}ombined {M}odal and {T}emporal {L}ogics",
        booktitle  =    "Proceedings of the Third International Workshop on Frontiers of Combining Systems (FroCoS'2000)",
        volume     =  1794,
        series      =   "Lecture Notes in Artificial Intelligence",
        publisher  =    "Springer-Verlag",
        year       =    "2000",
 PYEAR         = {2000},
 CADDRESS      = {Nancy, France},
 CYEAR         = {2000},
 CMONTH        = mar # {~22--24},
 PAGES         = {73--87}
}

@mastersthesis{Hus87,
	author =	"W.~Hussak",
	title =		"{D}ecidability in {T}emporal {P}resburger {A}rithmetic",
	school =	mucsd,
	month =		"February",
	year =		"1987",
	location =	"mdfcopy",
	comments =	"decision procedures for various flavours of TL"
}
@incollection{LPZ85,
       author=" O. Lichtenstein and  A. Pnueli and L. Zuck",
       title="{The Glory of the Past}",
       editor=" R. Parikh",
       booktitle="Logics of Programs $($Proc. Conf. Brooklyn USA 1985$)$",
       series=" Lecture Notes in Computer Science",
       publisher="Springer-Verlag, Berlin",
       volume=193,
       year=1985,
       pages="196--218"
 }
@incollection{MP89,
       author="Z.~Manna and A.~Pnueli",
       title="The anchored version of the temporal framework",
       editor="J.W. de Bakker and W.-P. de Roever and G. Rozenberg",
       booktitle="Linear Time, Branching Time and Partial Order in Logics
		  and Models for Concurrency",
      series=" Lecture Notes in Computer Science",
    publisher="Springer-Verlag, Berlin",
       volume=354,
       year=1989,
       pages="201--284"
 }

@book{MannaPnueli92:book,
	author	    =	"Z.~Manna and A.~Pnueli",
	title	    =	"The Temporal Logic of Reactive and
			 Concurrent Systems: Specification", 
	publisher   =	"Springer-Verlag",
	year	    =	"1992",
	address	    =	"New York",
	ISBN	    =	"0-387-97664-7"
}
@book{MannaPnueli95:book,
	author	    =	"Z.~Manna and A.~Pnueli",
	title	    =	"Temporal Verification of Reactive Systems: Safety", 
	publisher   =	"Springer-Verlag",
	year	    =	"1995",
	address	    =	"New York"
}

@incollection{MP81,
	author =	"Z.~Manna and A.~Pnueli",
	title =		"{V}erification of {C}oncurrent
			 {P}rograms: {T}he {T}emporal {F}ramework", 
	booktitle =	"The {C}orrectness {P}roblem in {C}omputer {S}cience",
        pages   =       "215--273",
	editor =	"Robert S.~Boyer and J.~Strother Moore",
	publisher =	"Academic Press",
	address =	"London",
	year =		"1981",
	location =	"cldcopy"
}

@inproceedings{Ohlbach97,
	author     =   "H.~J.~Ohlbach",
	title      =   "About Real Time, Calendar Systems and Temporal
		        Notions",
        booktitle  =   "Proceedings of the Second International 
                	Conference on Temporal Logic (ICTL)",
 	publisher  =    "Kluwer Academic Publishers", 
	year       =    "1997",
}

@unpublished{Peim94,
	author	    =	"M.~Peim",
	title	    =	"{P}ropositional {T}emporal {R}esolution {O}ver
                         {L}abelled {T}ransition {S}ystems",
	note	    =	"Unpublished Technical Note, Department of Computer Science, University of Manchester",
	year	    =	"1994",
	comments    =	"Unpublished",
	location    =	"cdcopy"
}

@inproceedings{Pnu77,
 author = {Pnueli, Amir},
 title = {The temporal logic of programs},
 booktitle = {Proceedings of the 18th Annual Symposium on Foundations of Computer Science},
 series = {SFCS '77},
 year = {1977},
 pages = {46--57},
 numpages = {12},
 url = {http://dx.doi.org/10.1109/SFCS.1977.32},
 doi = {http://dx.doi.org/10.1109/SFCS.1977.32},
 acmid = {1382534},
 publisher = {IEEE Computer Society},
 address = {Washington, DC, USA},
} 


@article{Pnu81,
	author =	"A.~Pnueli",
	title =		"The {T}emporal {S}emantics of {C}oncurrent {P}rograms",
	journal =	TCS,
	volume =	"13",
	pages =		"45--60",
	year =		"1981",
	location =	"mdfcopy"
}

@inproceedings{Pnu84,
	author =	"A.~Pnueli",
	title =		"{I}n {T}ransition {F}rom {G}lobal to {M}odular {T}emporal
		  {R}easoning about {P}rograms",
	booktitle =	"Logics and Models of Concurrent Systems",
	pages =		"123--144",
	year =		"1984",
	month =         oct,
	editor =        "Krysztof Apt",
        organization =  "NATO",
	publisher =     "Springer-Verlag",
        address =       "La Colle-sur-Loup, France",
	location =	"cldcopy"
}


@inproceedings{Pnu86,
	author	    =	"A.~Pnueli",
	title	    =	"{A}pplications of {T}emporal {L}ogic to
			 the {S}pecification and {V}erification
			 of {R}eactive {S}ystems: {A} {S}urvey of
			 {C}urrent {T}rends",
        booktitle   =   "Current Trends in Concurrency",
	series	    =	"Lecture Notes in Computer Science",
	volume	    =	"224",
        publisher   =   "Springer-Verlag",
        editor      =   "J.W.~de Bakker and W.~P.~de Roever and G.~ Rozenberg",
	year	    =	"1986",
	month	    =	aug ,
	location    =	"cldcopy"
}
		  
@inproceedings{Russo96:LDS,
	author      =  "A.~Russo",
        title       =   "Generalising Propositional Modal Logics using
        		  Labelled Deductive Systems",
        booktitle   =   "Workshop on Frontiers of Combining Systems (FroCoS)",
        series      =   "Applied Logics Series", 
	publisher   =   "Kluwer Academic Publisher",
        year        =   "1996"
}
@article{Schmidt99:jar,
	author	    =	"R.~A.~Schmidt",
	title	    =	"Decidability by resolution for propositional modal
		  logics",
	journal	    =	JAR,
	volume	    =	"22",
	number      =   "4",
	pages	    =	"379-396",
	year	    =	"1999",
	comments    =	"Bib file ours.bib (clare)"
}

@book{Simmons92,
	author	    =	"Harold Simmons",
	title	    =	"Sally Popkorn's Modular Modal Manual. An
                         introduction to modal logic.",
	publisher   =	"Draft Manuscript",
	year	    =	"1992"
}

@misc{Stirling89,
	author	    =	"Colin Stirling",
	title	    =	"Modal and Temporal Logics",
	howpublished	=	"First Draft of chapter for
			 `Handbook of Logic in Computer Science'",
	month	    =	 apr,
	year	    =	"1989",
	comments    =	"Bib file ours.bib (clare)",
	location    =	"cldcopy"
}

@phdthesis{Wooldridge:92a,
	author	    =	"M.~J.~Wooldridge.",
	title	    =	"The Logical Modelling of Computational
			 Multi-Agent Systems",
	school	    =	"Department of Computation, UMIST",
	year	    =	"1992",
	address	    =	"Manchester, UK",
	comments    =	"Bib file ours.bib (michael)",
	location    =	"mdfcopy"
}

@inproceedings{WooldridgeFisher92,
	author	    =	"M.~Wooldridge and M.~Fisher",
	title	    =	"{A} {F}irst-{O}rder {B}ranching {T}ime
			 {L}ogic of {M}ulti-{A}gent {S}ystems",
	year	    =	"1992",
	booktitle   =	"10th European Conference on Artificial
			 Intelligence (ECAI)",
	publisher   =	"Wiley and Sons",
	address	    =	"Vienna, Austria",
	month	    =	 aug,
	comments    =	"Bib file ours.bib (clare)",
	location    =	"cldcopy"
}

@inproceedings{FisherWooldridge92:EPIA,
	author		= "M.~Fisher and M.~Wooldridge",
	title		= "{Specifying and Verifying Distributed
			Intelligent Systems}",
	booktitle   =	"Portuguese Conference on Artificial
			 Intelligence (EPIA)",
        editor      =   "Miguel Filgueiras and Lu\'{i}s Damas",
	year	    =	"1993",
        series      =   LNAI,
        volume      =   727,
	publisher   =	"Springer-Verlag",
	month	    =	 oct,
	comments    =	"Bib file ours.bib (clare)",
	location    =	"cldcopy"
}

@inproceedings{WF94,
	author =	"M.~Wooldridge and M.~Fisher",
	title =		"{A} {D}ecision {P}rocedure for a {T}emporal
         		 {B}elief {L}ogic",
	booktitle   =	"Temporal Logic, First International Conference,
           		  ICTL '94, Proceedings",
        series      =   LNAI,
        volume      =   827,
        publisher   =    "Springer-Verlag",
        editor      =   "D.~M.~Gabbay and H.~J.~Ohlbach", 
	address	    =	"Bonn, Germany",
	month =		"July",
	year =		"1994",
	location    =	"cdcopy"
}
@article{WDF96,
	author	    =	"M.~Wooldridge and C.~Dixon and M.~Fisher",
	title	    =	"{A} {T}ableau-{B}ased {P}roof {M}ethod  for  {T}emporal
         		  {L}ogics of {K}nowledge and {B}elief",
	year	    =	1998,
	journal     =   JANCL,
	volume      =   8,
	number      =   3,
	pages       =  "225--258",
        comments    =  "ISSN 1166-3081"
}

@inproceedings{ArtaleFranconi99,
        author      =   "A.~Artale and E.~Franconi",
        title       =   "{I}ntroducing {T}emporal {D}escription {L}ogics",
        year        =   "1999",
        booktitle   =   "Proceedings of the 6th International Workshop on Temporal Representation and Reasoning (TIME-99)",
        editor      =   "C.~Dixon and M.~Fisher",
        publisher   =   "IEEE Computer Society Press",
        address     =   "Orlando, Florida",
        ISBN        =   "0-7695-0173-7"
}
        
@inproceedings{Steedman97,
	author	    =	"M.~Steedman",
	title	    =	"{T}emporality",
	year	    =	"1997",
	booktitle   =	"Handbook of Logic and Language",
	publisher   =	"Elsevier",
	address	    =	"North Holland",
	pages	    =	 "895-935"
}

@book{Tansel93,
	author	    =	"A.~Tansel",
	title	    =	"{Temporal Databases: Theory, Design, and Implementation}",
	publisher   =	"Benjamin/Cummings",
	year	    =	"1993"
}


@inproceedings{vdLvdHM96,
       author       = "B.~van~Linder and W.~van~der~Hoek and J.~J.~Ch.~Meyer",
       title        = "{Formalising Motivational Attitudes of Agents: On Preferences, Goals and Commitmentes}",
       editor       = "M.~Wooldridge and J.~P.P{\"u}ller and M.~Tambe",
       booktitle    = "Intelligent Agents II",
       series       = LNAI,
       volume       = 1037,
       pages        = "17--32",
       publisher    = "Springer-Verlag",
       year         = 1996
}
@inproceedings{Rao95,
	author	    =	"A.~S. Rao",
	title	    =	"{D}ecision {P}rocedures for {P}ropositional
		  {L}inear-{T}ime {B}elief-{D}esire-{I}ntention {L}ogics",
	booktitle   =	"IJCAI-95 Workshop on Agent Theories,
		  Architectures, and Languages",
	year	    =	"1995",
	pages       =   "102-118",
	editor	    =	"M.~Wooldridge and K.~Fischer and P.~Gmytrasiewicz
		  and N.~R.~Jennings and J.~P.~M{\"u}ller and M.~Tambe",
	address	    =	"Montr{\'e}al, Canada",
	month	    =	 aug,
	comments    =	"Bib file knowledge.bib (clare)",
	location    =	"cld"
}

@techreport{RaoGeo95,
	author	    =	"A.~S. Rao and M.~P.~Georgeff",
	title	    =	"{F}ormal {M}odels and {D}ecision {P}rocedures for 
                         {M}ulti-{A}gent {S}ystems",
        number      =   "61",
  	institution =   "Australian Artificial Intelligence Institute",
 	year	    =	"1995",
	month	    =	 jun,
	comments    =	"Also published as RaoGeo98. Bib file knowledge.bib (clare)",
	location    =	"cld"
}

@article{RaoGeo98,
	author	    =	"A.~S. Rao and M.~P.~Georgeff",
	title	    =	"{Decision procedures for BDI logics}",
	year	    =	"1998",
	journal	    =	"Journal of Logic and Computation",		  
        volume      =    8,
        number      =    3,
	pages       =   "293-342",
        editor      =   "N.~R.~Jennings and M.~Wooldridge and F.~Giunchiglia",
        publisher   =   OUP,		  
	comments    =	"Bib file ours.bib (clare), ISSN 0955-792X"
}

@article{WZ01,
        author      = "F.~Wolter and M.~Zakharyaschev",
        title       = "{A}xiomatizing the {M}onodic {F}ragment of {F}irst-{O}rder {T}emporal {L}ogic",
        volume      = 118,
        pages       = "133-145",
        journal     = "{J}ournal of {P}ure and {A}pplied {L}ogic",
        year        = 2002
}
