
@Article{SS06-SoCASC,
    Author       = "Sutcliffe, G. and Suttner, C.",
    Year         = "2006",
    Title        = "{The State of CASC}",
    Journal      = "AI Communications",
    Volume       = "19",
    Number       = "1",
    Pages        = "35-48",
    note = {Description and results from competitions are available at \url{http://www.cs.miami.edu/~tptp/CASC/}}
}

@misc{aiml-tools,
title = {{A}i{ML}:{T}ools},
author = {Renate Schmidt},
note = {Available at \url{http://www.cs.man.ac.uk/~schmidt/tools/}. \'Ultima visita: 22/022014.}}

@InProceedings{ColtonS02,
  title =	"Automatic Generation of Benchmark Problems for
		 Automated Theorem Proving Systems",
  author =	"Simon Colton and Geoff Sutcliffe",
  year = 	"2002",
  bibdate =	"2004-01-06",
  bibsource =	"DBLP,
		 http://dblp.uni-trier.de/db/conf/amai/amai2002.html#ColtonS02",
  booktitle =	"AMAI",
  URL =  	"http://rutcor.rutgers.edu/~amai/aimath02/PAPERS/6.ps",
}

@inproceedings{HustadtSchmidt02b,
author = {Hustadt, U. and Schmidt, R.~A.}, 
title = {Scientific Benchmarking with Temporal Logic Decision Procedures},
editor = {Fensel, D. and Giunchiglia, F. and McGuinness, D. and Williams, M-A.},
booktitle = {KR'2002}, 
publisher = {M. Kaufmann}, 
year = {2002},
pages= {533--544}}

@misc{dgp,
author = {CNPQ},
year = {2011},
howpublished = {"http://dgp.cnpq.br/buscaoperacional/"},
note = {Última visita: 07/09/2011}
}


@misc{LWB,
title = {Logic Workbench},
author = {Heuerding, A. and Schwendimann, S.},
howpublished = {\url{http://iamwww.unibe.ch/~lwb/benchmarks/benchmarks.html}},
year = {1996},
note ={\'{U}ltima visita: 19/04/2014}
}

@misc{TANCS,
title = {TABLEAUX-2000 Non-Classical (Modal) System Comparisons},
author = {Massacci, F. and Donini, F. M.},
howpublished = {\url{http://www.cs.man.ac.uk/~schmidt/mspass/problems.html}},
year = {2000},
note ={\'{U}ltima visita: 19/04/2014}
}

@techreport{George2013,
author = {George Bezerra Silva},
title = {Implementa\c c\~ao de um provador de teoremas por resolu\c c\~ao para L\'ogicas Modais Normais},
type = {Monografia de {C}onclus\~ao de {C}urso, {B}acharelado em {C}i\^encia da {C}omputa\c c\~ao},
institution={Universidade de Bras\'{\i}lia},
year = {2013}
}