@article{Apt81survey,
	author =	"Krzysztof R. Apt",
	year =		"1981",
	month =		oct,
	journal =	toplas,
	number =	"4",
	pages =		"431-483",
	title =		"Ten Years of {H}oare's logic: A Survey---Part {I}",
	volume =	"3"
}

@article{Apt86,
	author =	"K. R. Apt",
	year =		"1986",
	journal =	toplas,
	pages =		"388-405",
	title =		"Correctness proofs of distributed termination algorithms",
	volume =	"8",
	number =	"3"
}

@article{Apt81,
	author =	"K. R. Apt",
	year =		"1981",
	journal =	"Acta Informatica",
	pages =		"219-232",
	title =		"Recursive Assertions and Parallel Programs",
	volume =	"15",
	location =	"mdfcopy"
}

@article{AptPlotkin86,
	author =	"K. R. Apt and G. D. Plotkin",
	year =		"1986",
	journal =	jacm,
	pages =		"724-767",
	title =		"Countable nondeterminism and random assignment",
	volume =	"33",
	number =	"4"
}

@article{AlpDemSch86,
	author	    =	"Bowen Alpern and Alan J. Demers and Fred
			 B. Schneider",
	title	    =	"{S}afety {W}ithout {S}tuttering",
	journal	    =	IPlet,
	volume	    =	"23",
	pages	    =	"177-180",
	year	    =	"1986",
	month	    =	 nov,
	comments    =	"Bib file theory.bib (michael)",
	location    =	"mdfcopy"
}

@article{BADW82,
	author =	"A. Bolour and T. Anderson and L. Dekeyser and H. Wong",
	title =		"The role of time in information processing: A survey",
	journal =	SIGART,
	volume =	80,
	year =		1982,
	location =	"CSlib"
}

@book{Bak80,
	author =	"Jaco deBakker",
	title =		"Mathematical Theory of Program Correctness",
	year =		1980,
	publisher =	"Prentice-Hall",
	location =	"CSlib",
	comments =	"Good for fixpoints, but little else"
}

@article{BBKM83,
	author =	"J. W. deBakker and J. A. Bergstra and J. W. Klop and J. J. Meyer",
	title =		"{L}inear {T}ime and {B}ranching {T}ime {S}emantics for {R}ecursion with {M}erge",
	journal =	LNCS,
	volume =	154,
	year =		1983,
	location =	"HBcopy"
}

@article{Bbu85,
	author =	"Jean B{\'e}nabou",
	title =		"{F}ibered {C}ategories and the foundations of {N}aive {C}ategory {T}heory",
	journal =	JSL,
	volume =	50,
	number =	1,
	pages =		"10-37",
	year =		1985,
	month =		mar,
	location =	"mdfcopy"
}

@article{BGW78,
	author =	"R. Balzer and N. Goldman and D. Wile",
	title =		"Informality in Program Specification",
	journal =	IEEEsoft,
	volume =	"4",
	number =	"2",
	pages =		"94-103",
	year =		"1978",
	month =		mar
}

@book{Bly75,
	author =	"T. S. Blyth",
	title =		"Set Theory and Abstract Algebra",
	year =		1975,
	publisher =	"Longman Press",
	location =	"mdfbook"
}

@book{BoMu76,
	author =	"J. A. Bondy and U. S. R. Murty",
	title =		"Graph Theory with Applications",
	year =		1976,
	publisher =	"Macmillan Press",
	location =	"mdfbook"
}

@article{Bur69,
	author =	"R. M. Burstall",
	year =		"1969",
	journal =	CompJ,
	volume =	12, 
	pages =		"41",
	title =		"Proving Properties of Programs by Structural Induction"
}

@inproceedings{Bur74,
	author	    =	"R.M. Burstall",
	title	    =	"Program proving as hand simulation with
			 a little induction",
	booktitle   =	"Proc. IFIP Congress 74",
	year	    =	"1974",
	comments    =	"Bib file theory.bib (michael)",
	location    =	"HB copy"
}

@article{BD77,
	author =	"R. M. Burstall  and J. Darlington",
	journal =	JACM,
	volume =	"24",
	number =	"1",
	pages =		"44-67",
	year =          "1977",
	title =		"{A} {T}ransformation {S}ystem for
			 {D}eveloping {R}ecursive {P}rograms"
}

@article{Back83,
	author =	"R. J. Back",
	year =		"1983",
	journal =	TCS,
	pages =		"187-210",
	title =		"A continuous semantics for unbounded nondeterminism",
	volume =	"23",
	number =	"2"
}

@inproceedings{Back80,
	author =	"R. J. Back",
	address =	"Berlin",
	year =		"1980",
	publisher =	"Springer-Verlag",
	volume =	"85",
	series =	"Lecture Notes in Computer Science",
	booktitle =	" ICALP 80",
	title =		"Semantics for unbounded nondeterminism"
}

@article{BZ82,
	author =	"J. W. deBakker and J. I. Zucker",
	title =		"Processes and the {D}enotational {S}emantics of {C}oncurrency",
	journal =	InfCon,
	volume =	54,
	number =	"1/2",
	pages =		"70-120",
	year =		"1982",
	month =		"Jul/Aug",
	comment =	"and STOC14, 1982"
}

@article{dBakMeyer85,
	author =	"J. W. deBakker and J. J-C. Meyer",
	address =	"Berlin",
	year =		"1985",
	publisher =	"Springer-Verlag",
	journal =	LNCS,
	title =		"{T}ransisition {S}ystems, {I}nfinitary
			 {L}anguages, and the {S}emantics of
			 {U}niform {C}oncurrency.",
	volume =	"194",
	comment =	 "ICALP 85"		 
}

@article{key14,
	author =	"J. D. Brock and W. B. Ackerman",
	address =	"Berlin",
	year =		"1981",
	publisher =	"Springer Verlag",
	journal =	"Lecture Notes in Computer Sciences",
	title =		"Scenarios",
	volume =	"107"
}

@article{Broy81,
	author =	"M. Broy",
	address =	"Berlin",
	year =		"1981",
	publisher =	"Springer-Verlag",
	journal =	LNCS,
	pages =		"141-154",
	title =		"On language constructs for concurrent programming",
	volume =	"111"
}

@article{Broy86,
	author =	"M. Broy",
	year =		"1986",
	journal =	TCS,
	pages =		"1-62",
	title =		"A theory of nondeterminism,
			 paralllelism, communications and
			 control",
	volume =	"43",
	number =	"1"
}

@inproceedings{Chase87,
	author      =   "David R. Chase",
	title	    =	"{A}n {I}mprovement to {B}ottom-up {T}ree
			 {P}attern {M}atching",
	booktitle   =   POPL14,
	pages	    =	"168-177",
	year	    =	1987,
	month	    =	 jan,
	address	    =	 POPL14address,
	comments    =	" ",
	location    =	"mdfcopy"
}

@techreport{Clar84,
	author =	"E. M. Clarke",
	title =		"{T}he {C}haracterization {P}roblem For
			 {H}oare {L}ogics",
	institution =	CMU,
	number	    =	"CMU-CS-84-109",
	year	    =	"1984",
	month	    =	 feb,
	location    =	"mdfcopy"
}

@article{Coo83,
	author =	"S. A. Cook",
	title =		"An Overview of Computational Complexity",
	journal =	CACM,
	volume =	26,
	number =	6,
	year =		1983,
	month =		jun,
	location =	"mdfcopy"
}

@article{Cor78,
	author =	"C. H. Correll",
	title =		"{P}roving {P}rograms {C}orrect {T}hrough
			 {R}efinement",
	journal =	Acta,
	volume =	"9",
	pages =		"121-132",
	year =		"1978"
}

@incollection{DW87tlcoll,
	author	    =	"John Darlington and Lyndon White",
	title	    =	"{C}ontrolling the {B}ehaviour of {F}unctional
			 {L}anguage {S}ystems",
	booktitle   =	"{C}olloquium on {T}emporal {L}ogic:
			 {C}irculated {P}apers", 
	publisher   =	"Department of Computer Science",
	year	    =	"1987",
	address	    =	"Manchester",
	month	    =	 apr,
	comments    =	"tlcoll",
	location    =	"mdfcopy"
}

@incollection{deRoever87tlcoll,
	author	    =	"Willem de Roever",
	title	    =	"{W}hat am {I} {D}oing {H}ere?",
	booktitle   =	"{C}olloquium on {T}emporal {L}ogic:
			 {C}irculated {P}apers", 
	publisher   =	"Department of Computer Science",
	year	    =	"1987",
	address	    =	"Manchester",
	month	    =	 apr,
	comments    =	"tlcoll",
	location    =	"mdfcopy"
}

@article{dMLP79,
	author	    =	"Richard A. DeMillo and Richard J. Lipton
			 and Alan J. Perlis",
	title	    =	"{S}ocial {P}rocesses and {P}roofs of
			 {T}heorems of {P}rograms",
	journal	    =	CACM,
	volume	    =	"22",
	number	    =	"5",
	pages	    =	"271-280",
	year	    =	"1979",
	month	    =	 may,
	location    =	"mdfcopy"
}

@book{Denvir86:maths,
	author	    =	"Tim Denvir",
	title	    =	"Introduction to Discrete Mathematics for
			 Software Engineering",
	publisher   =	Mcm,
	year	    =	1986,
	location    =	"miwcopy",
	ISBN	    =	"0-333-40737-7"
}

@article{Dij75,
	author =	"E. W. Dijkstra",
	title =		"Guarded Commands, Nondeterminacy and Formal Derivation of Programs",
	journal =	CACM,
	volume =	18,
	number =	8,
	year =		1975,
	month =		aug,
	location =	"CSlib"
}

@article{Dum73,
	author =	"M. A. Dummett",
	year =		1973,
	publisher =	"Oxford University Press",
	journal =	"Annual Philosophical Lecture Proceedings of the British Academy",
	title =		"The Justification of Deduction",
	volume =	"LIX",
	location =	"mdfcopy"
}

@inproceedings{FM79,
	author =	"Lawrence Flon and Jaydev Misra",
	title =		"A Unified Approach to the Specification and Verification of Abstract Data Types",
	booktitle =	IEEEreliability,
	pages =		"162-169",
	year =		"1979"
}

@article{FHLD79,
	author =	"N. Francez and C. A. R. Hoare and D. Lehmann and W. P. DeRoever",
	title =		"Semantics of {N}ondeterminism, {C}oncurrency, and {C}ommunication",
	journal =	JCSS,
	volume =	19,
	pages =		"290-308",
	year =		1979,
	location =	"mdfcopy"
}

@inproceedings{FHV84,
	author =	"R.~Fagin and J.~Y.~Halpern and M.~Y.~Vardi",
	title =		"A {M}odel-{T}heoretic {A}nalysis of {K}nowledge",
	booktitle =	NATOvs,
	address =	NATOvsadd,
	month =		oct,
	year =		1984,
	note =		"(Preliminary Report)",
	location =	"mdfcopy",
	comments =	"stapled with HM84---see modal.bib"
}

@inproceedings{FK84,
	author =	"N. Francez and D. Kozen",
	title =		"Generalized {F}air {T}ermination",
	booktitle =	POPL11,
	address =	POPL11address,
	pages =		"46-53",
	year =		1984,
	month =		jan,
	location =	"mdfcopy"
}

@article{FLP84,
	author	    =	"N. Francez and D. Lehman and A. Pnueli",
	title	    =	"{A} {L}inear {H}istory {S}emantics for
			 {D}istributed {P}rogramming", 
	journal	    =	TCS,
	volume	    =	"32",
	pages	    =	"25-46",
	year	    =	"1984",
	location    =	"JRlib"
}

@misc{FLP80,
	author	    =	"N. Francez and D. Lehman and A. Pnueli",
	title	    =	"{A} {L}inear {H}istory {S}emantics for
			 {D}istributed {P}rogramming", 
	howpublished =  "Extended Abstract of~\cite{FLP84}",
	year	    =	"1980",
	location    =	"mdfcopy"
}

@book{Fra86,
	author =	"Nissim Francez",
	title =	"Fairness",
	publisher =	SV,
	year =		"1986"
}


@inproceedings{Geo,
        author      =   "Michael Georgeff",
	title	    =	"A theory of action for multiagent planning",
	year	    =	"1984",
	booktitle   =   "AAAI",
	location    =   "mdfcopy"
}

@techreport{GHW82,
	author =	"John Guttag and Jim Horning and Jeanette Wing",
	title =		"Some Notes on Putting Formal Specifications to Productive Use",
	institution =	PARC,
	address =	"Palo Alto, CA",
	number =	"CSL-82-3",
	year =		"1982",
	month =		jun
}

@book{Gol82,
	author =	"R. I. Goldblatt",
	title =		"Axiomatising the {L}ogic of {C}omputer {P}rogramming",
	year =		1982,
	series =	LNCS,
	volume =	130,
	publisher =	SV,
	location =	"mdfbook"
}

@inproceedings{Gra84,
	author =	"M. Grabowski",
	title =		"On {R}elative {C}ompleteness of {P}rogramming {L}ogics",
	booktitle =	POPL11,
	address =	POPL11address,
	pages =		"258-261",
	year =		1984,
	month =		jan,
	location =	"mdfcopy"
}

@article{Gre81,
	author =	"S. A. Greibach",
	title =		"Formal Languages: Origins and Directions",
	journal =	AHoC,
	volume =	3,
	number =	1,
	pages =		"14-41",
	year =		1981,
	month =		jan,
	location =	"mdfcopy"
}

@techreport{GS85,
	author =	"S. Graf and J. Sifakis",
	year =		1985,
	title =		"A Logic for the description of Non-deterministic Programs and their properties",
	institution = 	"IMAG, Grenoble",
	comments =	"ref from Pnu85"
}

@techreport{Gis84,
	author	    =	"Jay Loren Gischer",
	title	    =	"Partial orders and the axiomatic theory
			 of shuffle",
	institution =	stanf,
	number	    =	"{STAN-CS-84-1033}",
	year	    =	"1984",
	month	    =	 dec,
	comments    =	"",
	location    =	"GDG copy"
}

@techreport{Hal86a,
	author	    =	"Joseph Y. Halpern",
	title	    =	"Reasoning about knowledge: an overview",
	institution =	IBMAlma,
	number	    =	"{RJ 5001 (52251)}",
	year	    =	"1986",
	month	    =	 jan,
	comments    =	"",
	location    =	"GDG copy"
}

@techreport{Hal86b,
	author	    =	"Joseph Y. Halpern and Yoram Moses",
	title	    =	"Knowledge and common Knowledge in a
			 distributed environment",
	institution =	IBMAlma,
	number	    =	"{RJ 4421 (47909)}",
	year	    =	"1986",
	month	    =	 jan,
	comments    =	"",
	location    =	"GDG copy"
}

@misc{Hab75,
	author =	"A. Habermann",
	title =		"Path Expressions",
	year =		1975
}

@article{Har86trees,
	author	    =	"David Harel",
	title	    =	"{E}ffective {T}ransformations on {I}nfinite
			 {T}rees, with {A}pplications to {H}igh
			 {U}ndecidability, {D}ominoes, and {F}airness",
	journal	    =	jacm,
	volume	    =	"33",
	number	    =	"1",
	pages	    =	"224-248",
	year	    =	"1986",
	month	    =	 jan,
	location    =	"mdfcopy"
}

@unpublished{HGR86pre,
	author =	"C. Huizing and R. Gerth and W. P. deRoever",
	title =		"Full abstraction of a denotational semantics for real-time concurrency",
	institution =	eindhoven,
	note =		"(Preliminary version)",
	month =		feb,
	year =		"1986",
	location =	"mdfcopy",
	comments =	"Lots about compositionality and abstractness definitions and meta-results"
}

@techreport{HGR86tr,
	author =	"C. Huizing and R. Gerth and W. P. deRoever",
	title =		"Full {A}bstraction of a {R}eal-{T}ime
			 {D}enotational {S}emantics for an
			 {OCCAM}-like {L}anguage",
	institution =	eindhoven,
	note =		"(Extended Abstract)",
	month =		aug,
	year =		"1986",
	location =	"hbcopy",
	comments =	"Lots about compositionality and abstractness definitions and meta-results"
}

@inproceedings{HGR86,
	author =	"C. Huizing and R. Gerth and W. P. deRoever",
	title =		"Full {A}bstraction of a {R}eal-{T}ime
			 {D}enotational {S}emantics for an
			 {OCCAM}-like {L}anguage",
	booktitle  =    POPL14,
	address =       POPL14address,
	pages =		"223-237",
	month =		jan,
	year =		"1987",
	location =	"mdfcopy",
	comments =	"Lots about compositionality and
			 abstractness definitions and
			 meta-results"
}

@article{HS84,
	author =	"M. Hennessy and C. Stirling",
	title =		"The Power of Future Perfect in Program Logics",
	journal =	LNCS,
	volume =	176,
	pages =		"301-311",
	year =		1984,
	location =	"mdfcopy"
}


@article{HP79,
	author	    =	"M. Hennessy and G. Plotkin",
	title	    =	"Full {A}bstraction for a {S}imple {P}rogramming {L}anguage",
	journal	    =	LNCS,
	volume	    =	"74",
	pages	    =	"108-120",
	year	    =	"1979",
	location    =	"JRlib"
}

@inproceedings{HerlWing87,
	author      =   "Maurice P. Herlihy and Jeannette M. Wing",
	title	    =	"{A}xioms for {C}oncurrent {O}bjects",
	booktitle   =   POPL14,
	pages	    =	"13-26",
	year	    =	1987,
	month	    =	 jan,
	address	    =	 POPL14address,
	comments    =	" ",
	location    =	"mdfcopy"
}

@article{Jef85,
	author =	"David Jefferson",
	title =		"{V}irtual {T}ime",
	journal =	toplas,
	volume =	7,
	number =	3,
	pages =		"404--425",
	month =		jul,
	year =		1985,
	location =	"mdfcopy"
}

@techreport{Jon81inter,
	author =	"C. B. Jones",
	title =		"Development Methods for Computer Programs Including a Notion of Interference",
	institution =	oxcl,
	number =	"PRG-25",
	year =		"1981",
	month =		jun
}

@techreport{Jon83,
	author =	"C. B. Jones",
	title =		"Specification and Design of (Parallel) Programs",
	year =		1983,
	institution =	mucsd,
	report =	"Internal Report",
	location =	"mdfcopy",
	comments =	"Interference; IFIP, Paris, North-Holland"
}

@article{Kur85,
	author	    =	"R. P. Kurshan",
	title	    =	"Modelling concurrent processes",
	journal	    =	"Proceedings of Symposia in Applied Mathematics",
	volume	    =	"31",
	year	    =	"1985",
	month	    =	 may,
	comments    =	"",
	location    =	"GDG copy"
}

@article{KH80,
	author =	"J. Kennaway and C. A. R. Hoare",
	title =		"A {T}heory of {N}ondeterminism",
	journal =	LNCS,
	volume =	85,
	pages =		"338-350",
	year =		1980,
	location =	"mdfcopy",
	comments =	"ICALP80; another crappy copy"
}

@article{KSRGA85,
	author =	"R. Koymans and R. K. Shyamasundar and W. P. deRoever and R. Gerth and S. Arun-Kumar",
	title =		"Compositional Semantics for Real Time Distributed Computing",
	journal =	LNCS,
	volume =	193,
	pages =		"167-189",
	year =		1985,
	month =		jun,
	location =	"mdfbook"
}

@article{Lam80,
	author =	"Leslie Lamport",
	title =		"The Hoare logic of concurrent programs",
	journal =	Acta,
	volume =	14,
	year =		1980,
	location =	"HBcopy"
}

@inproceedings{LehRab81,
	author =	"Daniel Lehmann and Michael O. Rabin",
	title =		"{O}n {T}he {A}dvantages of {F}ree
			 {C}hoice: {A} {S}ymmetric and {F}ully
			 {D}istributed {S}olution to {T}he
			 {D}ining {P}hilosophers {P}roblem",
	note =		 "(Extended Abstract)",
	booktitle =	POPL8,
	pages =		"133-138",
	address =	POPL8address,
	year =		"1981",
	comments =	"mdfcopy"
}

@incollection{LiMaibaum87tlcoll,
	author	    =	"Da-Hai Li and Tom S. E. Maibaum",
	title	    =	"{S}pecification and {V}erification of a
			 {T}oken-{P}assing {P}rotocol",
	booktitle   =	"{C}olloquium on {T}emporal {L}ogic:
			 {C}irculated {P}apers", 
	publisher   =	"Department of Computer Science",
	year	    =	"1987",
	address	    =	"Manchester",
	month	    =	 apr,
	comments    =	"tlcoll",
	location    =	"mdfcopy"
}

@incollection{DawLov87tlcoll,
	author	    =	"Ulla Gamwell Dawids and Hans Henrik L{\o}vengreen",
	title	    =	"{R}igorous {D}evelopment of a {D}istributed
			 {C}alendar {S}ystem",
	booktitle   =	"{C}olloquium on {T}emporal {L}ogic:
			 {C}irculated {P}apers", 
	publisher   =	"Department of Computer Science",
	year	    =	"1987",
	address	    =	"Manchester",
	month	    =	 apr,
	comments    =	"tlcoll",
	location    =	"mdfcopy"
}

@phdthesis{Lov85,
	author =	"Hans L{\o}vengreen",
	title =		"On Concurrency Formalisation",
	school =	tudcsd,
	year =		1985,
	month =		may,
	note =		"also published as Technical Report no. {ID-TR~1985-3}",
	location =	"HBcopy"
}

@techreport{MW86,
	author	    =	"Z. Manna and R. Waldinger",
	title	    =	"The origin of a binary search paradigm",
	institution =	stanf,
	number	    =	"{STAN-CS-86-1044R}",
	year	    =	"1986",
	month	    =	 oct,
	comments    =	"",
	location    =	"GDG copy"
}

@misc{Mcy84,
	author =	"Shirley McAsey",
	title =		"Z or {VDM}---{W}hat is the difference?",
	year =		1984,
	institution =	mucsd,
	note =		"(unpublished term paper)",
	location =	"mdfcopy",
	comments =	"CS550/CS590"
}

@article{Maj80,
	author =	"Mila Majster-Cederbaum",
	title =		"{S}emantics: {A}lgebras, {F}ixed-{P}oints, {A}xioms",
	journal =	LNCS,
	volume =	85,
	year =		1980,
	location =	"mdfcopy",
	comments =	"ICALP80; pretty crappy copy!"
}

@article{MilneMilner79:concurrent,
	author =	"G. J. Milne and A. J. R. G. Milner",
	title =		"Concurrent Processes and their Syntax",
	journal =	JACM,
	year =		1979
}

@inproceedings{Milner75:processes,
	author =	"A. J. R. G. Milner",
	title =		"Processes: {A} Mathematical Model of Computing Agents",
	pages =		"157-174",
	booktitle =	LOGIC73,
	editor =	"H. E. Rose and J. C. Sheperdson",
	publisher =	NHoll,
	year =		1975
}

@article{Mil77,
	author =	"R. Milner",
	title =		"{F}ully {A}bstract {M}odels of {T}yped {$\lambda$}-{C}alculi",
	journal =	TCS,
	year =		1977
}

@techreport{Min84,
	author =	"Cydney Minkowitz",
	title =		"Specification to Prototype---A Comparison of Two Formal Methods of Software Design",
	institution =	stirling,
	number =	"TR. 18",
	year =		"1984",
	month =		dec
}

@techreport{Mul84,
	author =	"K. Mulmuley",
	title =		"A Semantic Characterisation of Full Abstraction",
	institution =	CMU,
	number = 	"CMU-CS-84-134",
	year =		1984,
	comments =	"Ketan Mulmuley",
	location =	"CS-library"
}

@article{NO79,
	author =	"G. Nelson and D. C. Oppen",
	title =		"Simplification by cooperating decision procedures",
	journal =	ToPLaS,
	volume =	1,
	number =	2,
	year =		1979,
	month =		oct,
	location =	"mdfcopy"
}

@article{NO80,
	author =	"G. Nelson and D. C. Oppen",
	title =		"Fast decision procedures based on congruence closure",
	journal =	JACM,
	volume =	27,
	number =	2,
	year =		1980,
	month =		apr,
	location =	"mdfcopy"
}

@article{Park68,
	author =	"D. Park",
	year =		"1968",
	journal =	"Mach Intell",
	pages =		"58-79",
	title =		"Fixed point induction and proofs of program properties",
	volume =	"5"
}

@article{Park81,
	author =	"D. Park",
	year =		"1981",
	journal =	"Lecture Notes in Computer Science",
	title =		"Concurrency and automata on infinite sequences",
	volume =	"104"
}

@misc{Plot82occam,
	author =	"G. Plotkin",
	year =		"1982",
	note =		"W. G. 2.2 Conf.",
	title =		"An operational semantics for occam"
}

@techreport{Plo81,
	author	    =	"G. D. Plotkin",
	title	    =	"{A} {S}tructural {A}pproach to {O}perational {S}emantics",
	institution =	aarhusCS,
	number	    =	"DAIMI FN-19",
	year	    =	1981,
	month	    =	sep,
	location    =	"CS library"
}

@inproceedings{Plo83,
	author	    =	"G. D. Plotkin and P. Martin-L{\"o}f and others",
	title	    =	"{D}iscussion on {F}ull {A}bstraction",
	month	    =   aug,
	year	    =	"1983",
	address	    =	"Goteborg, Sweden",
	booktitle    =	"Workshop on Semantics of Programming Languages",
	key         =   "WSP83",
	location    =	"mdfcopy"
}

@techreport{Pra86,
	author	    =	"Vaughan Pratt",
	title	    =	"Modelling concurrency with partial orders",
	institution =	stanf,
	number	    =	"{STAN-CS}-86-1113",
	year	    =	"1986",
	month	    =	 jun,
	comments    =	"",
	location    =	"mdfcopy"
}


@article{Rad80,
	author =	"S. R. Radev",
	title =		"Programming Languages and Logics of Programs",
	journal =	LNCS,
	volume =	148,
	pages =		"253-257",
	year =		1980,
	month =		aug,
	location =	"mdfbook"
}

@techreport{RB85,
	author =	"D. Rydeheard and R. Burstall",
	title =		"The {U}nification of terms: {A} {C}ategory-theoretic algorithm",
	institution =	mucsd,
	number =	"UMCS-85-8-1",
	month =		aug,
	year =		1985,
	location =	"mdfcopy",
	comments =	"Category; Unification"
}

@article{SalM81,
	author	    =	"A. Salwicki and T. M{\"u}ldner",
	title	    =	"On the {A}lgorithmic {P}roperties of {C}oncurrent {P}rograms",
	journal	    =	LNCS,
	volume	    =	"125",
	pages	    =	"169-197",
	year	    =	"81",
	comments    =	"Maximal parallelism---definitive paper!",
	location    =	"mdfcopy"
}

@misc{Scottform,
	author =	"Dana S. Scott",
	title =		"Background to {F}ormalism",
	location =	"mdfcopy"
}

@techreport{SRI86a,
	author	    =	"John Rushby and others",
	title	    =	"SRI Specification and verification
			 system: Preliminary Definition of the
			 Revised Special Specification Language",
	institution =	SRI,
	number	    =	"",
	year	    =	"1986",
	month	    =	 may,
	location    =	"GDG copy"
}

@techreport{SRI86b,
	author	    =	"John Rushby and others",
	title	    =	"SRI Specification and verification
			 system: Users's guide",
	institution =	SRI,
	number	    =	"",
	year	    =	"1986",
	month	    =	 may,
	location    =	"GDG copy"
}

@incollection{Strachey66:semantics,
	author =	"Strachey",
	title =		"Towards a Formal Semantics",
	pages =		"198-220",
	booktitle =	"Formal Language Descriptions for Computer Programming",
	editor =	"T. B. Steel",
	publisher =	NHoll,
	year =		1966
}

@inproceedings{Strachey72:varieties,
	author =	"C. Strachey",
	title =		"The Varieties of Programming Languages",
	booktitle =	"Proceedings of the International Computing Symposium",
	institution =	"Cini Foundation",
	address =	"Venice",
	year =		1972
}

@techreport{Strachey74:varieties,
	author =	"C. Strachey",
	title =		"The Varieties of Programming Languages",
	type =		"Technical Report",
	institution =	oxprg,
	year =		1974,
	number =	"PRG-11"
}

@article{Skn84,
	author =	"A. P. Stolboushkin",
	title =		"On the Expressive Power of Nondeterminism in Program Logics",
	journal =	Doklady,
	volume =	30,
	number =	1,
	pages =		"47-49",
	year =		1984,
	location =	"mdfcopy?"
}

@article{SS85book,
	author =	"A. E. K. Sobel and N. Soundararajan",
	title =		"A proof system for distributed processes",
	journal =	LNCS,
	volume =	"193",
	month =		jun,
	year =		"1985",
	location =	"mdfbook",
	comments =	"Logics of Programs 1985; also slightly extended paper in SS85conf"
}

@techreport{SS85conf,
	author =	"A. E. K. Sobel and N. Soundararajan",
	title =		"A proof system for distributed processes",
	institution =	ohio,
	address =	ohioaddress,
	month =		apr,
	year =		"1985",
	location =	"mdfcopy",
	note    =	"slightly extended version of SS85book"
}

@article{STAP80a,
	author =	"J. Staples",
	year =		"1980",
	journal =	TCS,
	voulme =	"10",
	pages =		"171-185",
	title =		"Computation on Graph-Like Expressions"
}

@article{STAP80b,
	author =	"Staples J.",
	year =		"1980",
	journal =	TCS,
	voulme =	"10",
	pages =		"297-316",
	title =		"Optimal Evaluations Of Graph-Like Expressions"
}

@article{STAR84a,
	author =	"W. R. Stark",
	title =		"{A} {G}limpse {I}nto {T}he {P}aradise of
			 {C}ombinatory {A}lgebra",
	year =		"1984",
	journal =	"International Journal of Computer and
			 Information Sciences",
	volume =	"13",
	number =	"3",
	pages =		"219-236"
}

@techreport{Strk85,
	author =	"Eugene W. Stark",
	title =		"A proof technique for rely/guarantee propoerties",
	institution =	nystoney,
	address =	nystoneyaddress,
	month =		may,
	year =		"1985",
	location =	"mdfcopy"
}

@inproceedings{Strk87,
	author      =   "Eugene W. Stark",
	title	    =	"{C}oncurrent {T}ransition {S}ystem
			 {S}emantics of {P}rocess {N}etworks",
	booktitle   =   POPL14,
	pages	    =	"199-210",
	year	    =	1987,
	month	    =	 jan,
	address	    =	 POPL14address,
	comments    =	" ",
	location    =	"mdfcopy"
}

@inproceedings{Wan84,
	author =	"Mitchell Wand",
	title =		"A Types as Sets Semantics for Milner Style Polymorphism",
	booktitle =	POPL11,
	address =	POPL11address,
	pages =		"158-164",
	year =		1984,
	month =		jan,
	location =	"mdfcopy"
}

@book{Cohn81,
	author	    =	"Paul M. Cohn",
	title	    =	"Universal Algebra",
	publisher   =	"D. Reidel Publishing Company",
	year	    =	"1981",
	volume	    =	"6",
	series	    =	"Mathematics and its {A}pplications",
	address	    =	"Dordrecht, Netherlands",
	edition	    =	"Revised (Original---1965)",
	comments    =	"Bib file theory.bib (michael)",
	ISBN	    =	"90-277-1213-1",
	location    =	"JRLib"
}

@article{Tichy87:ai,
	author	    =	"Walter F. Tichy",
	title	    =	"What Can Software Engineers Learn from
			 Artificial Intelligence?",
	journal	    =	IEEEComp,
	volume	    =	20,
	number	    =	11,
	pages	    =	"43-54",
	year	    =	1987,
	month	    =	nov
}

@article{GoguenMoriconi87:formal,
	author	    =	"Joseph Goguen and Mark Moriconi",
	title	    =	"Formalization in Programming
			 Environments",
	journal	    =	IEEEComp,
	volume	    =	20,
	number	    =	11,
	pages	    =	"55-64",
	year	    =	1987,
	month	    =	nov,
	location    =	"mdfcopy"
}

@article{Weiser87:source,
	author	    =	"Mark Weiser",
	title	    =	"Source Code",
	journal	    =	IEEEComp,
	volume	    =	20,
	number	    =	11,
	pages	    =	"66-73",
	year	    =	1987,
	month	    =	nov,
	location    =	"mdfcopy"
}

@inproceedings{WidomGS87,
	author      =   "Jennifer Widom and David Gries and Fred
			 B. Schneider",
	title	    =	"{C}ompleteness and {I}ncompleteness of
			 {T}race-{B}ased {N}etwork {P}roof
			 {S}ystems",
	booktitle   =   POPL14,
	pages	    =	"27-38",
	year	    =	1987,
	month	    =	 jan,
	address	    =	 POPL14address,
	comments    =	" ",
	location    =	"mdfcopy"
}

@inproceedings{GarGut88,
	author	    =	"Stephen J. Garland and John V. Guttag",
	title	    =	"{I}nductive {M}ethods for {R}easoning about
			 {A}bstract {D}ata {T}ypes",
	booktitle   =	POPL15,
	year	    =	POPL15year,
	pages	    =	"219-228",
	address	    =	POPL15address,
	month	    =	jan,
	location    =	"mdfcopy"
}

@inproceedings{BougFran88,
	author	    =	"Luc Boug{\'e} and Nissim Francez",
	title	    =	"{A} {C}ompositional {A}pproach to {S}uperimposition",
	booktitle   =	POPL15,
	year	    =	POPL15year,
	pages	    =	"240-249",
	address	    =	POPL15address,
	month	    =	jan,
	location    =   "mdfcopy"
}


@techreport{PEP88,
	author	    =	"E. J. H. Pepels and M. C. J. D. van
			 Eekelen and M. J. Plasmeijer",
	title	    =	"{A} {C}yclic {R}eference {C}ounting {A}lgorithm
			 and its {P}roof",
	institution =	nijcsd,
	number	    =	"88-10",
	year	    =	"1988",
	month	    =	 jul,
	comments    =	"Bib file theory.bib (michael)",
	location    =	"mdfcopy"
}

@techreport{Partsch88,
	author	    =	"H. Partsch",
	title	    =	"{T}he {M}ajority {P}roblem",
	institution =	nijcsd,
	number	    =	"88-11",
	year	    =	"1988",
	month	    =	 jul,
	comments    =	"Bib file theory.bib (michael)",
	location    =	"mdfcopy"
}

@techreport{Falkenberg88,
	author	    =	"Eckhard D. Falkenberg",
	title	    =	"{D}eterministic {E}ntity-{R}elationship {M}odelling",
	institution =	nijcsd,
	number	    =	"88-13",
	year	    =	"1988",
	month	    =	 sep,
	comments    =	"Bib file theory.bib (michael)",
	location    =	"mdfcopy"
}

@techreport{Leijenhorst88,
	author	    =	"D. C. van Leijenhorst",
	title	    =	"{O}n the {F}ormula {C}omplexity of {C}ertain
			 {G}roup {I}nvariant {F}unctions",
	institution =	nijcsd,
	number	    =	"88-14",
	year	    =	"1988",
	month	    =	 nov,
	comments    =	"Bib file theory.bib (michael)",
	location    =	"mdfcopy"
}

@article{Dahlhaus87,
	author	    =	"Elias Dahlhaus",
	title	    =	"skolem normal forms concerning the least fixpoint",
	journal	    =	LNCS,
	volume	    =	"270",
	pages	    =	"101-106",
	year	    =	"1987",
	comments    =	"Bib file declarative.bib (michael)",
	location    =	"mdfcopy"
}

@article{BlaGur87,
	author	    =	"Andreas Blass and Yuri Gurevich",
	title	    =	"{E}xistential {F}ixed-{P}oint {L}ogic",
	journal	    =	LNCS,
	volume	    =	"270",
	pages	    =	"20-36",
	year	    =	"1987",
	comments    =	"Bib file declarative.bib (michael)",
	location    =	"mdfcopy"
}

@techreport{FST88,
	author	    =	"U. Feige and A. Shamir and M. Tennenholtz",
	title	    =	"The Noisy Oracle Problem",
	number	    =	"CS88-17",
	year	    =	"1988",
	month	    =	 sep,
	institution =	Weiz,
	location    =	"mdfcopy"
}

@techreport{DH88,
	author	    =	"D. Drusinsky and D. Harel",
	title	    =	"On the Power of Cooperative Concurrency",
	number	    =	"CS88-10",
	year	    =	"1988",
	month	    =	 jun,
	institution =	Weiz,
	location    =	"mdfcopy"
}


@techreport{FS88,
	author	    =	"A.S. Fraenkel and E.R. Scheinerman",
	title	    =	"A Deletion Game on Hypergraphs",
	number	    =	"CS88-02",
	year	    =	"1988",
	month	    =	 apr,
	institution	=	Weiz,
	location    =	"mdfcopy"
}


@techreport{FL88,
	author	    =	"A.S. Fraenkel and M. Lorberbom",
	title	    =	"Epidemiography with Various Growth Functions",
	number	    =	"CS88-04",
	year	    =	"1988",
	month	    =	 may,
	institution	=	Weiz,
	location    =	"mdfcopy"
}


@techreport{FS88b,
	author	    =	"Y. Feldman and E. Shapiro",
	title	    =	"Spatial Machines: Towards a  More
			 Realistic Approach to Parallel Computation",
	number	    =	"CS88-05",
	year	    =	"1988",
	month	    =	 may,
	institution	=	Weiz,
	location    =	"mdfcopy"
}

@article{Toyama87,
	author	    =	"Yoshihito Toyama",
	title	    =	"{C}ounterexamples to {T}ermination for the
			 {D}irect {S}um of {T}erm {R}ewriting {S}ystems",
	journal	    =	IPlet,
	volume	    =	"25",
	pages	    =	"141-143",
	year	    =	"1987",
	month	    =	 may,
	location    =	"mdfcopy"
}

@article{Verjus87,
	author	    =	"J. Pierre Verjus",
	title	    =	"{O}n the {P}roof of a {D}istributed {A}lgorithm",
	journal	    =	IPlet,
	volume	    =	"25",
	pages	    =	"145-147",
	year	    =	"1987",
	month	    =	 may,
	location    =	"mdfcopy"
}

@article{Fitting86,
	author	    =	"Melvin Fitting",
	title	    =	"{P}artial {M}odels and {L}ogic {P}rogramming",
	journal	    =	TCS,
	volume	    =	"48",
	pages	    =	"229-255",
	year	    =	"1986",
	comments    =	"Bib file theory.bib (michael)",
	location    =	"mdfcopy"
}

@article{PaigeTarjan87,
	author	    =	"Robert Paige and Robert E. Tarjan",
	title	    =	"Three partition refinement algorithms",
	journal	    =	SIAMj,
	volume	    =	"16",
	number	    =	"6",
	pages	    =	"973-989",
	year	    =	"1987",
	month	    =	 dec,
	comments    =	"Bib file theory.bib (michael)",
	location    =	"mdfcopy"
}

@article{Tarjan81a,
	author	    =	"Robert Endre Tarjan",
	title	    =	"{F}ast {A}lgorithms for {S}olving {P}ath {P}roblems",
	journal	    =	JACM,
	volume	    =	"28",
	number	    =	"3",
	pages	    =	"595-614",
	year	    =	"1981",
	month	    =	 jul,
	comments    =	"Bib file theory.bib (michael)",
	location    =	"mdfcopy"
}

@article{Tarjan81b,
	author	    =	"Robert Endre Tarjan",
	title	    =	"A {U}nified {A}pproach to {P}ath {P}roblems",
	journal	    =	JACM,
	volume	    =	"28",
	number	    =	"3",
	pages	    =	"577-593",
	year	    =	"1981",
	month	    =	 jul,
	comments    =	"Bib file theory.bib (michael)",
	location    =	"mdfcopy"
}

@article{Tarjan84,
	author	    =	"Robert Endre Tarjan",
	title	    =	"{W}orst {C}ase {A}nalysis of {S}et
			 {U}nion {A}lgorithms",
	journal	    =	JACM,
	volume	    =	"31",
	number	    =	"2",
	pages	    =	"595-614",
	year	    =	"1984",
	month	    =	 apr,
	comments    =	"Bib file theory.bib (michael)",
	location    =	"mdfcopy"
}

@article{KapurNarendran87,
	author	    =	"Deepak Kapur and Paliath Narendran",
	title	    =	"{M}atching, {U}nification and {C}omplexity",
	journal	    =	SIGSAM,
	volume	    =	"21",
	number	    =	"4",
	pages	    =	"6-9",
	year	    =	"1987",
	month	    =	 nov,
	comments    =	"Bib file theory.bib (michael)",
	location    =	"mdfcopy"
}

@article{Ringwood89,
	author	    =	"G. A. Ringwood",
	title	    =	"{SLD}: {A} {F}olk {A}cronym?",
	journal	    =	SIGPLAN,
	volume	    =	"24",
	number	    =	"5",
	pages	    =	"71-75",
	year	    =	"1989",
	month	    =	 may,
	comments    =	"Bib file languages.bib (michael)",
	location    =	"mdfcopy"
}

@techreport{Lutz88,
	author	    =	"Jack H. Lutz",
	title	    =	"{A}lmost {E}verywhere {H}igh {N}onuniform {C}omplexity",
	institution =	IowaCSD,
	number	    =	"{TR\#88-21}",
	year	    =	"1988",
	month	    =	 nov,
	type	    =	"{T}echnical {R}eport",
	address	    =	IowaCSD-address,
	comments    =	"Bib file theory.bib (michael)",
	location    =	"mdfcopy"
}

@techreport{SrinivasanF-Baca88,
	author	    =	"S. Srinivasan and David Fernandez-Baca",
	title	    =	"{C}onstructing the {M}inimization {D}iagram of
			 a {T}wo-{P}arameter {P}roblem",
	institution =	IowaCSD,
	number	    =	"{TR\#88-22}",
	year	    =	"1988",
	month	    =	 nov,
	type	    =	"{T}echnical {R}eport",
	address	    =	IowaCSD-address,
	comments    =	"Bib file theory.bib (michael)",
	location    =	"mdfcopy"
}

@techreport{Lamport88-atomicity,
	author	    =	"Leslie Lamport",
	title	    =	"{A} {T}heorem on {A}tomicity in
			 {D}istributed {A}lgorithms",
	institution =	DECsrc,
	number	    =	"28",
	year	    =	"1988",
	month	    =	 may,
	type	    =	"{T}echnical {R}eport",
	comments    =	"Bib file interfaces.bib (michael)",
	location    =	"mdfcopy"
}

@techreport{AbadiLamport88-refinement,
	author	    =	"Martin Abadi and  Leslie Lamport",
	title	    =	"{T}he {E}xistence of {R}efinement {M}appings",
	institution =	DECsrc,
	number	    =	"29",
	year	    =	"1988",
	month	    =	 aug,
	type	    =	"{T}echnical {R}eport",
	comments    =	"Bib file interfaces.bib (michael)",
	location    =	"mdfcopy"
}

@article{Huntbach89,
	author	    =	"Matthew Huntback",
	title	    =	"{I}mplementing a {G}raph-{C}olouring {A}lgorithm
			 in {P}arlog",
	journal	    =	SIGPLAN,
	volume	    =	"24",
	number	    =	"9",
	pages	    =	"80-85",
	year	    =	"1989",
	month	    =	 sep,
	location    =	"mdfcopy"
}

@inproceedings{DershKaplan89-popl,
        author      =   "Nachum Dershowitz and Stephane Kaplan",
	title	    =	"{REWRITE}, {\sc rewrite}, rewrite, {$\ldots$}",
	pages	    =	 "250-259",
	booktitle   =	"Proceedings of the Sixteenth {ACM} Symposium
			 on the Principles of Programming
			 Languages",
	year	    =	1989,
	month	    =   jan,
	address	    =	"Austin, Texas",
	location    =	"mdfcopy"
}

@inproceedings{Parker89-popl,
        author      =   "D. Scott Parker",
	title	    =	"{P}artial {O}rder {P}rogramming",
	pages	    =	 "260-266",
	booktitle   =	"Proceedings of the Sixteenth {ACM} Symposium
			 on the Principles of Programming
			 Languages",
	year	    =	1989,
	month	    =   jan,
	address	    =	"Austin, Texas",
	location    =	"mdfcopy"
}

@inproceedings{Padawitz89,
        author      =   "Peter Padawitz",
	title	    =	"{P}roving the {C}orrectness of {S}chorr-{W}aite
			 {G}raph {M}arking by {I}nductive {E}xpansion",
	pages	    =	 "1121-1126",
	booktitle   =	"Information Processing",
	year	    =	1989,
	address	    =	"San Fransisco",
	location    =	"mdfcopy"
}

@inproceedings{Guessarian89,
        author      =   "Irene Guessarian",
	title	    =	"{I}mproving {F}ixpoint {T}ools for {C}omputer {S}cience",
	pages	    =	 "1109-1114",
	booktitle   =	"Information Processing",
	year	    =	1989,
	address	    =	"San Fransisco",
	location    =	"mdfcopy"
}

@techreport{Main89fair,
	author	    =	"Michael G. Main",
	title	    =	"{C}omplete {P}roof {R}ules for {S}trong {F}airness
			 and {S}trong {E}xtreme-{F}airness",
	institution =	"Department of Computer Science,
			 University of Colorado at Boulder",
	number	    =	"{CU-CS-447-89}",
	year	    =	"1989",
	month	    =	 aug,
	type	    =	"{T}echnical {R}eport",
	comments    =	"Bib file theory.bib (michael)",
	location    =	"mdfcopy"
}

@article{Best84,
	author	    =	"Eike Best",
	title	    =	"{F}airness and {C}onspiracies",
	journal	    =	IPlet,
	volume	    =	"18",
	number	    =	"4",
	pages	    =	"215-220",
	year	    =	"1984",
	month	    =	 may,
	comments    =	"Bib file theory.bib (michael)",
	location    =	"mdfcopy"
}

@misc{ALW89,
	author	    =	"M. Abadi and L. Lamport and P. Wolper",
	title	    =	"{R}ealizable and {U}nrealizable
			 {S}pecifications of {R}eactive {S}ystems",
	howpublished	=	"({SPEC} meeting handout)",
	year	    =	"1989",
	comments    =	"Bib file theory.bib (michael)",
	location    =	"mdfcopy"
}

@article{ALW89-icalp,
	author	    =	"M. Abadi and L. Lamport and P. Wolper",
	title	    =	"{R}ealizable and {U}nrealizable
			 {S}pecifications of {R}eactive {S}ystems",
	journal	    =	LNCS,
	volume	    =	"372",
	pages	    =	"1-17",
	year	    =	"1989",
	comments    =	"Bib file theory.bib (michael)",
	location    =	"mdfcopy"
}

@techreport{ZdeRB84,
	author	    =	"Job Zwiers and Willem-Paul de Roever and
			 Peter van Emde Boas",
	title	    =	"{C}ompositionality and {C}oncurrent
			 {N}etworks: {S}oundness and {C}ompleteness of
			 a {P}roofsystem",
	institution =	"Department of Informatics, University of Nijmegen",
	number	    =	"57",
	year	    =	"1984",
	month	    =	 dec,
	type	    =	"Technical Report",
	comments    =	"Bib file languages.bib (michael)",
	location    =	"mdfcopy"
}

@techreport{Mansfield89,
	author	    =	"A. J. Mansfield",
	title	    =	"{A}n {E}xplanation of the {F}ormal {D}efinition
			 of {P}rolog",
	institution =	"National Physical Laboratory",
	number	    =	"{DITC 149/89}",
	year	    =	"1989",
	month	    =	 oct,
	type	    =	"{NPL Report}",
	comments    =	"Bib file theory.bib (michael)",
	location    =	"mdfcopy"
}

@unpublished{GasPleSol90,
	author	    =	"William I. Gasarch and Mark G. Pleszkoch
			 and Robert Solovay",
	title	    =	"{L}earning via {Q}ueries in {$[+,<]$}",
	year	    =	"1990",
	comments    =	"Bib file theory.bib (michael)",
	location    =	"mdfcopy"
}

@article{GHW85,
	author	    =	"John V. Guttag and James J. Horning and
			 Jeannette M. Wing",
	title	    =	"{T}he {L}arch {F}amily of
			 {S}pecification {L}anguages",
	journal	    =	software,
	volume	    =	"2",
	number	    =	"5",
	pages	    =	"24-36",
	year	    =	"1985",
	month	    =	 sep,
	comments    =	"Bib file theory.bib (michael)",
	location    =	"mdfcopy"
}

@article{Schmitt88,
	author	    =	"P. H. Schmitt",
	title	    =	"{A} {S}urvey of {R}ewrite {S}ystems",
	journal	    =	LNCS,
	volume	    =	"329",
	pages	    =	"235-262",
	year	    =	"1988",
	comments    =	"Bib file theory.bib (michael)",
	location    =	"mdfcopy"
}

@article{Schonfeld88,
	author	    =	"Wolfgang Sch{\"o}nfeld",
	title	    =	"{I}nterfacing {A} {L}ogic {M}achine",
	journal	    =	LNCS,
	volume	    =	"329",
	pages	    =	"263-272",
	year	    =	"1988",
	comments    =	"Bib file theory.bib (michael)",
	location    =	"mdfcopy"
}

@article{StepankovaStepanek88,
	author	    =	"Olga {\v S}t{\v e}p{\' a}nkov{\' a} and
			 Petr {\v S}t{\v e}p{\' a}nek",
	title	    =	"{D}eveloping {L}ogic {P}rograms: {C}omputing
			 {T}hrough {N}ormalizing",
 	journal	    =	LNCS,
	volume	    =	"329",
	pages	    =	"304-321",
	year	    =	"1988",
	comments    =	"Bib file theory.bib (michael)",
	location    =	"mdfcopy"
}

@article{Lowen88,
	author	    =	"Ulrich L{\"o}wen",
	title	    =	"{O}ptimization {A}spects of {L}ogical {F}ormulas",
	journal	    =	LNCS,
	volume	    =	"329",
	pages	    =	"173-187",
	year	    =	"1988",
	comments    =	"Bib file theory.bib (michael)",
	location    =	"mdfcopy"
}

@techreport{WieczorekVytopil90,
	author	    =	"Martin J. Wieczorek and Jan Vytopil",
	title	    =	"{R}equirements and {D}esign
			 {S}pecification {L}anguage",
	institution =	nijinf,
	number	    =	"90-11",
	year	    =	"1990",
	month	    =	 jun,
	type	    =	"Technical Report",
	comments    =	"Bib file theory.bib (michael)",
	location    =	"mdfcopy"
}

@techreport{VytopilWupper91,
	author	    =	"Jan Vytopil and Hanno Wupper",
	title	    =	"{T}op-{D}own {S}ystems {D}evelopment using {RDSL}",
	institution =	nijinf,
	number	    =	"91-??",
	year	    =	"1991",
	month	    =	 mar,
	type	    =	"(Draft) Technical Report",
	comments    =	"Bib file theory.bib (michael)",
	location    =	"mdfcopy"
}

@article{KayLauder88,
	author	    =	"J. Kay and P. Lauder",
	title	    =	"{A} {F}air {S}hare {S}cheduler",
	journal	    =	CACM,
	volume	    =	"31",
	number	    =	"1",
	pages	    =	"44-55",
	year	    =	"1988",
	month	    =	 jan,
	comments    =	"Bib file theory.bib (michael)",
	location    =	"mdfcopy"
}

@inproceedings{CHS90,
	author =	"William R. Cook and Walter L. Hill and
			 Peter S. Canning",
	title =		"{I}nheritance {I}s {N}ot {S}ubtyping",
	crossref    =   POPL17,
	pages	    =	"125-135",
	location =	"mdfcopy"
}

@inproceedings{BerryBoudol90,
	author =	"G{\'e}rard Berry and G{\'e}rard Boudol",
	title =		"{T}he {C}hemical {A}bstract {M}achine",
	crossref    =   POPL17,
	pages	    =	"81-94",
	location =	"mdfcopy"
}

@inproceedings{HeintzeJaffar90,
	author =	"Nevin Heintze and Joxan Jaffar",
	title =		"{A} {F}inite {P}resentation {T}heorem for
			 {A}pproximating {L}ogic {P}rograms",
	crossref    =   POPL17,
	pages	    =	"197-209",
	location =	"mdfcopy"
}

@inproceedings{GSteele90,
	author =	"Guy L. Steele",
	title =		"{M}aking {A}synchronous {P}arallelism {S}afe for
			 the {W}orld",
	crossref    =   POPL17,
	pages	    =	"218-231",
	location =	"mdfcopy"
}

@inproceedings{Saraswat90,
	author =	"Vijay A. Saraswat",
	title =		"{C}oncurrent {C}onstraint {P}rogramming",
	crossref    =   POPL17,
	pages	    =	"232-245",
	location =	"mdfcopy"
}

@techreport{SRP90,
	author	    =	"Vijay A. Saraswat and Martin Rinard and
			 Prakash Panangaden",
	title	    =	"{S}emantic {F}oundations of {C}oncurrent
			 {C}onstraint {P}rogramming",
	institution =	PARC,
	number	    =	"{SSL-90-86}",
	year	    =	"1990",
	month	    =	 oct,
	type	    =	"{T}echnical {R}eport",
	address	    =	"Palo Alto, California",
	comments    =	"Bib file theory.bib (michael)",
	location    =	"mdfcopy"
}

@inproceedings{Ramakrishnan90,
	author =	"Raghu Ramakrishnan",
	title =		"{P}arallelism in {L}ogic {P}rograms",
	crossref    =   POPL17,
	pages	    =	"246-260",
	location =	"mdfcopy"
}

@inproceedings{Stark90,
	author =	"Eugene W. Stark",
	title =		"{O}n the {R}elations {C}omputable by a {C}lass
			 of {C}oncurrent {A}utomata",
	crossref    =   POPL17,
	pages	    =	"329-340",
	location =	"mdfcopy"
}

@article{MahantiBagchi85,
	author	    =	"A. Mahanti and A. Bagchi",
	title	    =	"{AND/OR} {G}raph {H}euristic {S}earch
			 {M}ethods",
	journal	    =	JACM,
	volume	    =	"32",
	number	    =	"1",
	pages	    =	"28-51",
	year	    =	"1985",
	month	    =	 jan,
	comments    =	"Bib file theory.bib (michael)",
	location    =	"mdfcopy"
}

@article{Kreowski86,
	author	    =	"Hans-J{\"o}rg Kreowski",
	title	    =	"{I}s {P}arallelism {A}lready {C}oncurrency?
			 {P}art~1: {D}erivations in {G}raph {G}rammars",
	journal	    =	LNCS,
	volume	    =	"291",
	pages	    =	"343-360",
	year	    =	"1986",
	month	    =	 dec,
	comments    =	"Bib file theory.bib (michael)",
	location    =	"mdfcopy"
}

@article{KreowskiWilharm86,
	author	    =	"Hans-J{\"o}rg Kreowski and Anne Wilharm",
	title	    =	"{I}s {P}arallelism {A}lready {C}oncurrency?
			 {P}art~2: {N}on-{S}equential {P}rocesses
			 in {G}raph {G}rammars",
	journal	    =	LNCS,
	volume	    =	"291",
	pages	    =	"361-377",
	year	    =	"1986",
	month	    =	 dec,
	comments    =	"Bib file theory.bib (michael)",
	location    =	"mdfcopy"
}

@article{MoldovanPresicce86,
	author	    =	"D. Moldovan and F. Parisi-Presicce",
	title	    =	"{P}arallelism {A}nalysis in
			 {R}ule-{B}ased {S}ystems {U}sing {G}raph
			 {G}rammars",
	journal	    =	LNCS,
	volume	    =	"291",
	pages	    =	"427-439",
	year	    =	"1986",
	month	    =	 dec,
	comments    =	"Bib file theory.bib (michael)",
	location    =	"mdfcopy"
}

@article{MontanariRossi86,
	author	    =	"Ugo Montanari and Francesca Rossi",
	title	    =	"{A}n {E}fficient {A}lgorithm for the
			 {S}olution of {H}ierarchical {N}etworks
			 of {C}onstraints",
	journal	    =	LNCS,
	volume	    =	"291",
	pages	    =	"440-457",
	year	    =	"1986",
	month	    =	 dec,
	comments    =	"Bib file theory.bib (michael)",
	location    =	"mdfcopy"
}

@article{Ehrig86,
	author	    =	"Harmut Ehrig",
	title	    =	"{T}utorial {I}ntroduction to the
			 {A}lgebraic {A}pproach of {G}raph
			 {G}rammars",
	journal	    =	LNCS,
	volume	    =	"291",
	pages	    =	"3-14",
	year	    =	"1986",
	month	    =	 dec,
	comments    =	"Bib file theory.bib (michael)",
	location    =	"mdfcopy"
}

@article{BEHL86,
	author	    =	"Paul Boehm and Harmut Ehrig and Udo
			 Hummert and Michael L{\"o}we",
	title	    =	"{T}owards {D}istributed {G}raph {G}rammars",
	journal	    =	LNCS,
	volume	    =	"291",
	pages	    =	"86-98",
	year	    =	"1986",
	month	    =	 dec,
	comments    =	"Bib file theory.bib (michael)",
	location    =	"mdfcopy"
}

@article{JanssensRozenberg86,
	author	    =	"D. Janssens and G. Rozenberg",
	title	    =	"{B}asic {N}otions of {A}ctor {G}rammars",
	journal	    =	LNCS,
	volume	    =	"291",
	pages	    =	"280-298",
	year	    =	"1986",
	month	    =	 dec,
	comments    =	"Bib file theory.bib (michael)",
	location    =	"mdfcopy"
}

@article{Valmari89,
	author	    =	"Antti Valmari",
	title	    =	"{E}liminating {R}edundant {I}nterleavings
			 {D}uring {C}oncurrent {P}rogram
			 {V}erification",
	journal	    =	LNCS,
	volume	    =	"366",
	pages	    =	"89-103",
	year	    =	"1989",
	comments    =	"Bib file theory.bib (michael)",
	location    =	"mdfcopy"
}

@article{HopcroftTarjan74:planarity,
	author	    =	"John Hopcroft and Robert Tarjan",
	title	    =	"Efficient Planarity Testing",
	journal	    =	JACM,
	volume	    =	21,
	number	    =	4,
	pages	    =	"549-568",
	year	    =	1974,
	location    =	"mdfcopy",
	month	    =	oct
}

@book{Jones86a,
	author =	"Cliff B. Jones",
	year =		"1986",
	publisher =	"Prentice Hall International",
	address =	"Englewood Cliffs, NJ",
	title =		"Systematic Software Development Using VDM"
}

@techreport{Fromherz91,
	author	    =	"Markus P. Fromherz",
	title	    =	"{E}xplore/{L} -- {A}n
			 {O}bject-{O}riented {L}ogic {L}anguage",
	institution =	"Institut f{\"u}r Informatic der
			 Universit{\"a}t Z{\"u}rich",
	number	    =	"91.06",
	year	    =	"1991",
	month	    =	 jun,
	type	    =	"{T}echnical {R}eport",
	address	    =	"Switzerland",
	comments    =	"Bib file theory.bib (michael)",
	location    =	"mdfcopy"
}

@techreport{Fuchs91exec-specs,
	author	    =	"Norbert E. Fuchs",
	title	    =	"{S}pecifications are ({P}referably) {E}xecutable",
	institution =	"Institut f{\"u}r Informatic der
			 Universit{\"a}t Z{\"u}rich",
	number	    =	"91.10",
	year	    =	"1991",
	month	    =	 jul,
	type	    =	"{T}echnical {R}eport",
	address	    =	"Switzerland",
	comments    =	"Bib file theory.bib (michael)",
	location    =	"mdfcopy"
}

@techreport{Despeyroux90,
	author	    =	"Jo{\"e}lle Despeyroux",
	title	    =	"{THEO}: {A}n {I}nteractive {P}roof
			 {D}evelopment {S}ystem", 
	institution =	"INRIA-Sophia Antipolis",
	number	    =	"116",
	year	    =	"1990",
	month	    =	 feb,
	type	    =	"{T}echnical {R}eport",
	address	    =	"France",
	comments    =	"Bib file theory.bib (michael)",
	location    =	"mdfcopy"
}

@techreport{Bui90,
	author	    =	"Marc Bui",
	title	    =	"{T}uning {D}istributed {C}ontrol
			 {A}lgorithms {F}or {O}ptimal
			 {F}unctioning", 
	institution =	"INRIA-Sophia Antipolis",
	number	    =	"1359",
	year	    =	"1990",
	month	    =	 dec,
	type	    =	"{T}echnical {R}eport",
	address	    =	"France",
	comments    =	"Bib file theory.bib (michael)",
	location    =	"mdfcopy"
}

@techreport{Raynal90k-out-of-m,
	author	    =	"Michel Raynal",
	title	    =	"{A} {D}istibuted {S}olution to the {K}-out of-{M}
			 {R}esources {A}llocation {P}roblem",
	institution =	"INRIA-Sophia Antipolis",
	number	    =	"1342",
	year	    =	"1990",
	month	    =	 dec,
	type	    =	"{T}echnical {R}eport",
	address	    =	"France",
	comments    =	"Bib file theory.bib (michael)",
	location    =	"mdfcopy"
}

@techreport{Raynal90mutex,
	author	    =	"Michel Raynal",
	title	    =	"{A} {S}imple {T}axonomy for
			 {D}istributed {M}utual {E}xclusion {A}lgorithms",
	institution =	"INRIA-Sophia Antipolis",
	number	    =	"1343",
	year	    =	"1990",
	month	    =	 dec,
	type	    =	"{T}echnical {R}eport",
	address	    =	"France",
	comments    =	"Bib file theory.bib (michael)",
	location    =	"mdfcopy"
}

@techreport{GonzalezTidball90,
	author	    =	"Roberto L. V. Gonzalez and Mabel M. Tidball",
	title	    =	"{F}ast {S}olution of {G}eneral
			 {N}onlinear {F}ixed {P}oint {P}roblems",
	institution =	"INRIA-Sophia Antipolis",
	number	    =	"1339",
	year	    =	"1990",
	month	    =	 dec,
	type	    =	"{T}echnical {R}eport",
	address	    =	"France",
	comments    =	"Bib file theory.bib (michael)",
	location    =	"mdfcopy"
}

@techreport{GoguenMeseguer87,
	author	    =	"Joseph A. Goguen and Jos{\'e} Meseguer",
	title	    =	"{U}nifying {F}unctional,
			 {O}bject-{O}riented and {R}elational
			 {P}rogramming with {L}ogical {S}emantics",
	institution =	SRI,
	number	    =	"{SRI-CSL-87-7}",
	year	    =	"1987",
	month	    =	 jul,
	type	    =	"Technical Report",
	address	    =	"Menlo Park, California",
	comments    =	"Bib file theory.bib (michael)",
	location    =	"mdfcopy"
}

@techreport{Caucal91,
	author	    =	"Didier Caucal",
	title	    =	"{E}limination of {R}edundancy {F}rom
			 {F}unctions {D}efined by {S}chemes",
	institution =	"{I}nstitut {N}ational de la {R}echerche en
			 {I}nformatique et {A}utomatique ({INRIA})",
	number	    =	"1429",
	year	    =	"1991",
	month	    =	 may,
	type	    =	"{R}apport de {R}echerche",
	address	    =	"Rocquencourt, Le Chesnay, ({F}rance)",
	comments    =	"Bib file theory.bib (michael)",
	location    =	"mdfcopy"
}

@techreport{Shields91a,
	author	    =	"M. W. Shields",
	title	    =	"Multitraces, Hypertraces and Partial
			 Order Semantics",
	institution =	surrey,
	number	    =	"{CS}-91-02",
	year	    =	"1991",
	type	    =	"Technical Report",
	comments    =	"Bib file theory.bib (michael)",
	location    =	"mdfcopy"
}

@techreport{Shields91b,
	author	    =	"M. W. Shields",
	title	    =	"Infinite Multitraces, Infinite
			 Hypertraces and Event Structures",
	institution =	surrey,
	number	    =	"{CS}-91-03",
	year	    =	"1991",
	type	    =	"Technical Report",
	comments    =	"Bib file theory.bib (michael)",
	location    =	"mdfcopy"
}

@techreport{Shields91c,
	author	    =	"M. W. Shields",
	title	    =	"Cube Complexes as Automata",
	institution =	surrey,
	number	    =	"{CS}-91-04",
	year	    =	"1991",
	type	    =	"Technical Report",
	comments    =	"Bib file theory.bib (michael)",
	location    =	"mdfcopy"
}

@techreport{Shields91d,
	author	    =	"M. W. Shields",
	title	    =	"Abstract Deterministic Objects",
	institution =	surrey,
	number	    =	"{CS}-91-05",
	year	    =	"1991",
	type	    =	"Technical Report",
	comments    =	"Bib file theory.bib (michael)",
	location    =	"mdfcopy"
}

@incollection{Walther85,
	author	    =	"Christoph Walther",
	title	    =	"Unification in Many-Sorted Theories",
	booktitle   =	"ECAI-84, Advances in Artificial Intelligence, Pisa, Italy",
	publisher   =	"North-Holland",
	year	    =	"1985",
	editor	    =	"Tim O'Shea",
	pages	    =	"383-392",
	comments    =	"Bib file theory.bib (michael)",
	location    =	"mdfcopy"
}

@unpublished{PlotkinPratt90,
	author	    =	"G.~Plotkin and V.~Pratt",
	title	    =	"Teams Can See Pomsets",
	year	    =	"1990",
	comments    =	"Bib file theory.bib (michael)",
	location    =	"mdfcopy"
}

@unpublished{Pratt90:action,
	author	    =	"Vaughan Pratt",
	title	    =	"Action Logic and Pure Induction",
	year	    =	"1990",
	comments    =	"Bib file theory.bib (michael)",
	location    =	"mdfcopy"
}

@techreport{GSST90,
	author	    =	"R. J. van-Glabbeek and S. A. Smolka and
			 B. Steffen and C. M. N. Tofts",
	title	    =	"Reactive, generative, and stratified
			 models of probabilisitic processes",
	institution =	CWI,
	number	    =	"{CS}-{R9020}",
	year	    =	"1990",
	month	    =	 may,
	type	    =	"Technical Report",
	comments    =	"Bib file theory.bib (michael)",
	location    =	"mdfcopy"
}

@techreport{NUV90,
	author	    =	"R. De-Nicola and U. Montanari and F. W. Vaandrager",
	title	    =	"Back and forth bisimulations",
	institution =	CWI,
	number	    =	"{CS}-{R9021}",
	year	    =	"1990",
	month	    =	 may,
	type	    =	"Technical Report",
	comments    =	"Bib file theory.bib (michael)",
	location    =	"mdfcopy"
}

@techreport{van-Glabbeek90,
	author	    =	"R. J. van-Glabbeek and S. A. Smolka and
			 B. Steffen and C. M. N. Tofts",
	title	    =	"The linear time - branching time spectrum",
	institution =	CWI,
	number	    =	"{CS}-{R9029}",
	year	    =	"1990",
	month	    =	 jul,
	type	    =	"Technical Report",
	comments    =	"Bib file theory.bib (michael)",
	location    =	"mdfcopy"
}

@techreport{GLNP90,
	author	    =	"G. Gallo and G. Longo and S. Nguyen and
			 S. Pallottino",
	title	    =	"Directed Hypergraphs and Applications",
	institution =	"Departmento di Informatica, 
	                 Universit{\`a} Degli Studi di Pisa",
	number	    =	"3/90",
	year	    =	"1990",
	month	    =	 jan,
	type	    =	"Technical Report",
	address	    =	"Pisa, Italy",
	comments    =	"Bib file theory.bib (michael)",
	location    =	"mdfcopy"
}

@techreport{GalloRago90,
	author	    =	"G. Gallo and G. Rago",
	title	    =	"A Hypergraph Approach to Logical
			 Inference fro Datalog Formulae",
	institution =	"Departmento di Informatica, 
	                 Universit{\`a} Degli Studi di Pisa",
	number	    =	"28/90",
	year	    =	"1990",
	month	    =	 oct,
	type	    =	"Technical Report",
	address	    =	"Pisa, Italy",
	comments    =	"Bib file theory.bib (michael)",
	location    =	"mdfcopy"
}

@techreport{Rago90,
	author	    =	"Gabriella Rago",
	title	    =	"A Note on Hypergraph-Based Algorithms
			 for Propositional Horn Satisfiability",
	institution =	"Departmento di Informatica, 
	                 Universit{\`a} Degli Studi di Pisa",
	number	    =	"18/90",
	year	    =	"1990",
	type	    =	"Technical Report",
	address	    =	"Pisa, Italy",
	comments    =	"Bib file theory.bib (michael)",
	location    =	"mdfcopy"
}

@article{GalloUrbani89,
	author	    =	"G.~Gallo and G.~Urbani",
	title	    =	"Algorithms for Testing the
			 Satisfiability of Propositional Formulae",
	journal	    =	JLP,
	volume	    =	"7",
	pages	    =	"45-61",
	year	    =	"1989",
	comments    =	"Bib file theory.bib (michael)",
	location    =	"mdfcopy"
}

@techreport{Staples90:functional,
	author	    =	"John Staples",
	title	    =	"Functional Logic for Program
			 Verification: introductory lectures",
	institution =	"Key Centre for Software Technology,
			 Department of Computer Science,
			 University of Queensland",
	number	    =	"168",
	year	    =	"1990",
	month	    =	 jul,
	type	    =	"Technical Report",
	address	    =	"Australia",
	comments    =	"Bib file theory.bib (michael)",
	location    =	"mdfcopy"
}

@techreport{Nickolas90:functional,
	author	    =	"Peter Nickolas",
	title	    =	"Completeness of Functional Logic",
	institution =	"Key Centre for Software Technology,
			 Department of Computer Science,
			 University of Queensland",
	number	    =	"169",
	year	    =	"1990",
	month	    =	 jul,
	type	    =	"Technical Report",
	address	    =	"Australia",
	comments    =	"Bib file theory.bib (michael)",
	location    =	"mdfcopy"
}

@techreport{HenmanStaples90,
	author	    =	"Paul Henman and John Staples",
	title	    =	"Introduction to Functional Set Theory",
	institution =	"Key Centre for Software Technology,
			 Department of Computer Science,
			 University of Queensland",
	number	    =	"144",
	year	    =	"1990",
	month	    =	 feb,
	type	    =	"Technical Report",
	address	    =	"Australia",
	comments    =	"Bib file theory.bib (michael)",
	location    =	"mdfcopy"
}

@article{PimentelCuadrado89,
	author	    =	"S. G. Pimentel and J. L. Cuadrado",
	title	    =	"A Horn Clause Theory of Inheritance and
			 Temporal Reasoning",
	journal	    =	LNCS,
	volume	    =	"390",
	pages	    =	"63-72",
	year	    =	"1989",
	comments    =	"Bib file theory.bib (michael)",
	location    =	"mdfcopy"
}

@article{Reinfrank89,
	author	    =	"Michael Reinfrank",
	title	    =	"Logical Foundations of Nonmonotonic
			 Truth Maintenance",
	journal	    =	LNCS,
	volume	    =	"390",
	pages	    =	"348-361",
	year	    =	"1989",
	comments    =	"Bib file theory.bib (michael)",
	location    =	"mdfcopy"
}

@article{Pinto-FerreiraMartins89,
	author	    =	"Carlos Pinto-Ferreira and Jo{\~a}o
			 Pav{\~a}o Martins",
	title	    =	"Inscription --- A rule of conjecture",
	journal	    =	LNCS,
	volume	    =	"390",
	pages	    =	"141-150",
	year	    =	"1989",
	comments    =	"Bib file theory.bib (michael)",
	location    =	"mdfcopy"
}

@article{Gribomont90,
	author	    =	"E. Pascal Gribomont",
	title	    =	"Development of Concurrent Systems by
			 Incremental Transformation",
	journal	    =	LNCS,
	volume	    =	"432",
	pages	    =	"161-176",
	year	    =	"1990",
	comments    =	"Bib file theory.bib (michael)",
	location    =	"mdfcopy"
}

@article{ChuNgai90,
	author	    =	"W. Chu and P. Ngai",
	title	    =	"Solving the Generalised Job Shop
			 Scheduling Problem via Temporal
			 Constraint Propagation",
	journal	    =	LNCS,
	volume	    =	"444",
	pages	    =	"29-38",
	year	    =	"1990",
	comments    =	"Bib file theory.bib (michael)",
	location    =	"mdfcopy"
}

@article{PnueliShalev91,
	author	    =	"A. Pnueli and M. Shalev",
	title	    =	"What is in a Step: On the Semantics of
			 Statecharts",
	journal	    =	LNCS,
	volume	    =	"526",
	pages	    =	"244-264",
	year	    =	"1991",
	comments    =	"Bib file declarative.bib (michael)",
	location    =	"mdfcopy"
}

@article{Walker91,
	author	    =	"David Walker",
	title	    =	"{$\pi$}-Calculus Semantics of
			 Object-Oriented Programming Languages",
	journal	    =	LNCS,
	volume	    =	"526",
	pages	    =	"532-547",
	year	    =	"1991",
	comments    =	"Bib file declarative.bib (michael)",
	location    =	"mdfcopy"
}

@unpublished{JPZ91,
	author	    =	"W. Janssen and M. Poel and J. Zwiers",
	title	    =	"Actions Systems and Action Refinement in
			 the Development of Parallel Systems",
	year	    =	"1991",
	comments    =	"Bib file theory.bib (michael)",
	location    =	"mdfcopy"
}

@techreport{Ponse92,
	author	    =	"A. Ponse",
	title	    =	"{C}omputable {P}rocesses and {B}isimulation {E}quivalence",
	institution =	CWI,
	number	    =	"{CS}-{R9207}",
	year	    =	"1992",
	month	    =	 jan,
	type	    =	"Technical Report",
	comments    =	"Bib file theory.bib (michael)",
	location    =	"mdfcopy"
}

@techreport{GrooteMoller92,
	author	    =	"J. F. Groote and F. Moller",
	title	    =	"{V}erification of {P}arallel {S}ystems
			 via {D}ecomposition",
	institution =	CWI,
	number	    =	"{CS}-{R9203}",
	year	    =	"1992",
	month	    =	 jan,
	type	    =	"Technical Report",
	comments    =	"Bib file theory.bib (michael)",
	location    =	"mdfcopy"
}

@techreport{RaoultVoisin92,
	author	    =	"J-C. Raoult and F. Voisin",
	title	    =	"{S}et-{T}heoretic {G}raph {R}ewriting",
	institution =	"{I}nstitut {N}ational de la {R}echerche en
			 {I}nformatique et {A}utomatique ({INRIA})",
	number	    =	"1665",
	year	    =	"1992",
	month	    =	 apr,
	type	    =	"{R}apport de {R}echerche",
	address	    =	"Rocquencourt, Le Chesnay, ({F}rance)",
	comments    =	"Bib file theory.bib (michael)",
	location    =	"mdfcopy"
}

@techreport{KratschRampon92,
	author	    =	"D. Kratsch and J-X. Rampon",
	title	    =	"{T}owards the {R}econstruction of {P}oset",
	institution =	"{I}nstitut {N}ational de la {R}echerche en
			 {I}nformatique et {A}utomatique ({INRIA})",
	number	    =	"1660",
	year	    =	"1992",
	month	    =	 apr,
	type	    =	"{R}apport de {R}echerche",
	address	    =	"Rocquencourt, Le Chesnay, ({F}rance)",
	comments    =	"Bib file theory.bib (michael)",
	location    =	"mdfcopy"
}

@article{GLNP93,
	author = "G. Gallo and G. Longo and S. Nguyen and S. Pallottino",
	title = "{Directed Hypergraphs And Applications}",
	journal = "Discrete Applied Mathematics",
	volume = 42,
	pages = "177--201",
	year = 1993
}
		  
@article{Peterson81,
	author	    =	"G. L. Peterson",
	title	    =	"{M}yths about the {M}utual {E}xclusion {P}roblem",
	journal	    =	IPlet,
	volume	    =	"12",
	number      =   "3",
	pages	    =	"115-116",
	year	    =	"1981",
	location    =	"cslib"
}

@article{JL77,
	author =	"N.~D.~Jones and W.~T.~Laaser",
	title =		"Complete Problems for Deterministic Polynomial Time",
	journal =	"Theoretical Computer Science",
	volume =	3,
	year =		1977,
  	pages	    =	"107--117"
}

@article{GuS86,
         author="Y. Gurevich and S. Shelah",
         title="Fixed-Point Extensions of First-Order Logic",
         journal="Annals of Pure and Applied Logic",
         volume="32",
         pages="265 -- 280",
         year="1986"
}   
