@InProceedings{Jans90,
  author =       "G.~L.~J.~M.~Janssen",
  title =        "{H}ardware {V}erification using {T}emporal {L}ogic: {A}
                 {P}ractical {V}iew.",
  booktitle =    "Formal VLSI Correctness Verification",
  editor =       "Claesen L. J. M",
  publisher =    "Elsevier Science Publishers",
  pages =        "159--168",
  year =         "1990",
  fileno =       "68",
}

@Article{JLOGC::Ohlbach1990,
  title =        "{S}emantics-{B}ased {T}ranslation {M}ethods for {M}odal {L}ogics",
  author =       "H.~J.~Ohlbach",
  pages =        "691--746",
  journal =      "Journal of Logic and Computation",
  year =         "1990",
  month =        oct,
  volume =       "1",
  number =       "5",
  references =   "\cite{JACM::AndersonB1970} \cite{JACM::Andrews1981}
                 \cite{JACM::Bibel1981} \cite{JACM::Robinson1965}"
}

@InCollection{OSH:tragmp,
  author =       "H.~J.~Ohlbach and R.~A.~Schmidt and U.~Hustadt",
  title =        "{T}ranslating {G}raded {M}odalities into {P}redicate {L}ogics",
  editor =       "H.~Wansing",
  booktitle =    "{P}roof {T}heory of {M}odal {L}ogic",
  series =       "Applied Logic Series",
  volume =       "2",
  pages =        "253--291",
  publisher =    "Kluwer Academic Publishers",
  address =      "Dordrecht",
  year =         "1996"
}


@Article{JLOGC::OhlbachS1997,
  title =        "{F}unctional {T}ranslation and {S}econd-{O}rder {F}rame
                 {P}roperties of {M}odal {L}ogics",
  author =       "H.~J.~Ohlbach and R.~A.~Schmidt",
  pages =        "581--603",
  journal =      "Journal of Logic and Computation",
  year =         "1997",
  month =        oct,
  volume =       "7",
  number =       "5",
  references =   "\cite{JLOGC::AuffrayE1992} \cite{NDJFL::Fine1972}
                 \cite{JSYML::Kripke1959} \cite{JLOGC::Ohlbach1990}
                 \cite{JSYMC::Simmons1994} \cite{JLOGC::Szalas1993}"
}


@TechReport{OlbachSchmidt-95-mpii2-002,
  author =       "H.~J.~Ohlbach and R.~A.~Schmidt",
  year =         "1995",
  title =        "{F}unctional {T}ranslation and {S}econd-{O}rder {F}rame
                 {P}roperties of {M}odal {L}ogics",
  type =         "Technical Report",
  number =       "MPI-I-95-2-002",
  institution =  "Max-Planck-Institut f{\"u}r Informatik",
  address =      "Saarbr{\"u}cken",
  note =         "Submitted for publication to the Journal of Logic and
                 Computation.",
  abstract =     "Normal modal logics can be defined axiomatically as
                 Hilbert systems, or semantically in terms of Kripke's
                 possible worlds and accessibility relations.
                 Unfortunately there are Hilbert axioms which do not
                 have corresponding first-order properties for the
                 accessibility relation. For these logics the standard
                 semantics-based theorem proving techniques, in
                 particular, the relational translation into first-order
                 predicate logic, do not work. There is an alternative
                 translation, the so-called functional translation, in
                 which the accessibility relations are replaced by
                 certain terms which intuitively can be seen as
                 functions mapping worlds to accessible worlds. In this
                 paper we show that from a certain point of view this
                 functional language is more expressive than the
                 relational language, and that certain second-order
                 frame properties can be mapped to first-order formulae
                 expressed in the functional language. Moreover, we show
                 how these formulae can be computed automatically from
                 the Hilbert axioms. This extends the applicability of
                 the functional translation method."
}

@Article{schmidt:99,
  author =       "R.~ A.~Schmidt",
  journal =      "Journal of Automated Reasoning",
  pages =        "379--396",
  title =        "{Decidability by Resolution for Propositional Modal
                 Logics}",
  volume =       "22",
  year =         "1999"
}


@ARTICLE{DeNivelleSchmidtHustadt00,
 AUTHOR  = {de Nivelle, H. and Schmidt, R. A. and Hustadt, U.},
 TITLE   = "{R}esolution-{B}ased {M}ethods for {M}odal {L}ogics",
 JOURNAL = {Logic Journal of the IGPL},
 MONTH   = may,
 VOLUME  = {8},
 NUMBER  = {3},
 PAGES   = {265--292},
 ISSN    = {1367-0751},
 YEAR    = {2000}
}

@inproceedings{AbadiManna86cade,
               author  = "M.~Abadi and Z.~Manna",
               title   = "{M}odal {T}heorem {P}roving",
               booktitle = "Proceedings of the 8th International Conference on Automated Deduction",
               editor    = "J.H.Siekmann",
               year      = "1986",
               series    = "Lecture Notes in Computer Science",
               publisher = "Springer-Verlag",
               volume    = "230",
               pages     = "172--189",
               month     = "July",
               comment   = {Oxford, England}
}


@InProceedings{AdNdR2000,
  author =       "C. Areces and H. de Nivelle and M. de Rijke",
  title =        "{P}refixed {R}esolution: {A} {R}esolution {M}ethod for {M}odal
                 and {D}escription {L}ogics",
  pages =        "187--201",
  ISBN =         "3-540-66222-7",
  editor =       "H.~Ganzinger",
  booktitle =    "Proceedings of the 16th International Conference on
                 Automated Deduction ({CADE}-16-99)",
  month =        jul # "~7--10",
  series =       "LNAI",
  volume =       "1632",
  publisher =    "Springer",
  address =      "Berlin",
  year =         "1999"
}



@manual{STeP95,
	author	    =	"N.~Bjorner and A.~Browne and E.~Chang and
		  M.~Col{\' o}n and A.~Kapur and Z.~Manna and H.~B.~ Sipma
		  and T.~E.~Uribe", 
	title	    =	"{ST}e{P} The Stanford Temporal Prover Educational
		  Release Version 1.0 User's Manual",
        organization =  "Computer Science Department, Stanford University",
        address     =   "California 94305",
        month       =   nov,
	year	    =	"1995",
	location    =	"cdcopy"
}
		  
		  
@inproceedings{CFdC84,
	author		= 	"A.~Cavalli and L.~Farinas del Cerro",
	title 		= 	"{A} {D}ecision {M}ethod for {L}inear {T}emporal {L}ogic",
        booktitle   =   "Proceedings of the 7th International Conference on Automated Deduction",
 	year        =   "1984",        
        editor		=	"R.E.Shostak",
        publisher   =   "Springer-Verlag",
        series      =   "Lecture Notes in Computer Science",
        volume      =   170,
	pages       =   "113--127"  
}		  
	
@article{Cha70,
	author =	"C. L. Chang",
	title =		"{T}he {U}nit {P}roof and the {I}nput {P}roof
			 in {T}heorem {P}roving", 
	journal =	JACM,
	volume =	17,
	pages =		"698--707",
	year =		1970,
	location =	"cldcopy",
	comments =	"Theorem Proving; Resolution; Decision Procedures"
}

@book{CL73,
        author      =   "C.~L.~Chang and R.~C.~T.~Lee",
        title       =   "Symbolic Logic and Mechanical Theorem Proving",
        publisher   =   Acad,
        year        =   "1973",
}

@incollection{delaTourChaminade90,
	author	    =	"Boy de la Tour, T. and G.~Chaminade",
	title	    =	"{T}he {U}se of {R}enaming to {I}mprove the
			 {E}fficiency of {C}lausal {T}heorem {P}roving",
	booktitle   =	"Artificial Intelligence IV: Methodology,
			 Systems, Applications",
	publisher   =	"Elsevier Science Publishers B.V. (North-Holland)",
	year	    =	"1990",
	editor	    =	"Ph. Jorrand and V. Sgurev",
	pages	    =	"3-12",
	comments    =	"Bib file theorem-proving.bib (michael)",
	location    =	"mdfcopy"
}


@incollection{Eme90,
        author     =   "E.A.Emerson",
        title      =   "{T}emporal and {M}odal {L}ogic",
        booktitle  =   "Handbook of Theoretical Computer Science",
        publisher  =   "Elsevier Science Publishers B.V. (Amsterdam, the Netherlands)",
        year       =   "1990",
        editor     =   "J. van Leeuwen",
        pages      =   "996--1072"
}

@article{Haken85,
	author	    =	"A.~Haken",
	title	    =	"{T}he {I}ntractability of {R}esolution",
	journal	    =	TCS,
	volume	    =	"39",
	pages	    =	"297-308",
	year	    =	"1985",
	comments    =	"Bib file theorem-proving.bib (clare)",
	location    =	"cldcopy"
}
@phdthesis{Heuerding98,
        author      =   "A.~Heuerding",
        title       =   "{Sequent Calculi for Proof Search in Some Modal
		  Logics, Theory - Implementation - Applications}",
        school   =   "University of Berne",
        year        =   "1998"
}

@inproceedings{Horrocks98,
	author      =   "I.~Horrocks", 
	title       =   "{T}he {FaCT} {S}ystem",
        booktitle   =   "Automated Reasoning with Analytic Tableaux and
		  Related Methods: International Conference (Tableaux'98)",
	month       =   "May", 
	year        =   "1998", 
        publisher   =   "Springer-Verlag",
        series      =   "LNCS",
        volume      =   1397,
	pages       =   "307--312"  
}	

	  
@ARTICLE{Kracht95,
         AUTHOR = {Kracht, M.}, 
         YEAR = {1995},
         TITLE = {Highway to the Danger Zone},
         JOURNAL = {Journal of Logic and Computation},
         VOLUME = {5},
         NUMBER = {1},
         PAGES = {93--109},
}		  


@misc{lwb96,
	author      = "G.~Jaeger and P.~Balsiger and A.~Heuerding and
		  S.~Schwendimann and M.~Bianchi and  K.~Guggisberg and
		  G.~Janssen and W.~Heinle and  F.~Achermann and
		  A.~D.~Boroumand and P.~Brambilla and I.~Bucher and 
		  H.~Zimmermann", 
	title       = "{LWB}--{T}he {L}ogics {W}orkbench 1.1",
	howpublished = "http://www.lwb.unibe.ch/",
        note        = "University of Berne, Switzerland"
}
@InProceedings{Loveland70,
	author	    =	"D.~W.~Loveland",
	title	    =	"{A} {L}inear {F}ormat for {R}esolution",
	booktitle    =	"Symposium on Automatic Demonstration",
        publisher   =   "Springer-Verlag",
	pages	    =	"147--162",
	year	    =	"1970",
        series      =   "Lecture Notes in Mathematics",
        volume      =   125,
	address	    =	"Berlin"
}


@book{Loveland78,
       author = "D.~W.~Loveland",
       title  = "Automated Theorem Proving: a Logical Basis",
       publisher = "North-Holland, Inc.",
       year      = "1978"
}

@InProceedings{Luckham70,
	author	    =	"D.~Luckham",
	title	    =	"{R}efinement {T}heorems in {R}esolution {T}heory",
	booktitle    =	"Symposium on Automatic Demonstration",
        publisher   =   "Springer-Verlag",
	pages	    =	"163--190",
	year	    =	"1970",
        series      =   "Lecture Notes in Mathematics",
        volume      =   125,
	address	    =	"Berlin"
}


@manual{McCune90,
	author	    =	"W.~W.~McCune",
	title	    =	"{O}TTER 2.0 Users Guide",
        organization =  "Argonne National Laboratory",
        address     =   "9700 South Cass Avenue, Argonne, Illinois 60439-4801",
        month       =   "March",
	year	    =	"1990",
        note        =   "ANL-90/9",
	location    =	"cdcopy"
}

@InProceedings{mints90,
  author =       "G.~Mints",
  booktitle =    "Proc.~{COLOG-88}, Tallin",
  pages =        "198--231",
  publisher =    "Springer",
  series =       "Lecture Notes in Computer Science",
  title =        "{Gentzen-Type Systems and Resolution Rules, Part 1:
                 Propositional Logic}",
  volume =       "417",
  year =         "1990",
}


@manual{Otter3.0,
	author	    =	"W.~McCune",
	title	    =	"{{\sc Otter} 3.0 Reference Manual and Guide}",
        organization =  "Argonne National Laboratory",
        address     =   "9700 South Cass Avenue, Argonne, Illinois 60439-4801",
	year	    =	"1994",
	location    =	"mdfcopy"
}

@Article{Murray82,
  author =       "N. V.~Murray",
  journal =      "Artificial Intelligence",
  pages =        "67--85",
  title =        "{Completely Non-Clausal Theorem Proving}",
  volume =       "18",
  year =         "1982",
  keywords =     "automated theorem proving, resolution, non-clausal
                 theorem proving",
}



@techreport{Paulson97,
	author	    =	"L.~C.~Paulson",
	title	    =	"{Mechanized Proofs of Security Protocols:
		  Needham-Schroeder with Public Keys}",
	institution =	"Computer Laboratory, University of Cambridge",
	number	    =	"413",
	year	    =	"1997",
	month	    =	 jan,
	type	    =	"Technical Report",
	location    =	"http://www.cl.cam.ac.uk/users/lcp/papers/protocols.html"
}

		  
@article{PlaistedGreenbaum86,
	author	    =	"D. A. Plaisted and S. A. Greenbaum",
	title	    =	"{A} {S}tructure-{P}reserving {C}lause
			 {F}orm {T}ranslation",
	journal	    =	"Journal of Symbolic Computation",
	volume	    =	"2",
	number	    =	"3",
	pages	    =	"293-304",
	year	    =	"1986",
	month	    =	 sep,
	comments    =	"Bib file theorem-proving.bib (michael)",
	location    =	"mdfcopy"
}

	
@article{Rob65,
	author =	"J. A. Robinson",
	title =		"A {M}achine--{O}riented {L}ogic {B}ased on
			 the {R}esolution {P}rinciple", 
	journal =	JACM,
	volume =	12,
	number =	1,
	pages =		"23--41",
	year =		1965,
	month =		jan,
	location =	"mdfcopy",
	comments =	"Theorem Proving; Resolution; Decision Procedures"
}

@article{Rob65-hyper,
	author =	"J. A. Robinson",
	title =		"{A}utomatic {D}eduction with {H}yper-resolution",
	journal =	"International Journal of Computer Mathematics",
	volume =	1,
	pages =		"227--234",
	year =		1965,
	location =	"??",
	comments =	"Theorem Proving; Resolution; Decision Procedures"
}

@article{Smul68,
	author =	"R. M. Smullyan",
	title =		"First Order Logic",
	journal =	"Ergebnisse der Mathematik",
	volume =	43,
	year =		1968,
	location =	"JRlib",
	comments =	"JRL Per 510.4 E25"
}
@article{Smul68-cut,
	author =	"R. M. Smullyan",
	title =		"{A}nalytic {C}ut",
	journal =	JSL,
	volume =	33,
	number  =       4,
	year =		1968,
	location =	"JRlib",
	comments =	"JRL Maths Per."
}

@article{JL77,
	author =	"N.~D.~Jones and W.~T.~Laaser",
	title =		"{Complete Problems for Deterministics Polynomial Time}",
	journal =	TCS,
	volume =	3,
	year =		1977,
  	pages	    =	"107--117",
	location =	"JRlib",
	comments =	"JRL Per 510.4 E25"
}


@inproceedings{Schild91,
        author = "K.~Schild",
        title = "{A} {C}orrespondence {T}heory for {T}erminological {L}ogics",
        booktitle = "Proceedings of the 12th IJCAI",
        pages     = "466-471",
        year  ="1991"
}

@article{SVW87,
	author	=	"A.~P.~Sistla and M.~Vardi and P.~Wolper",
	title	=	"{T}he {C}omplementation {P}roblem for {B}uchi {A}utomata with {A}pplications to {T}emporal {L}ogic",
	journal	=	"Theoretical Computer Science",
	year	=	"1987",
	volume	=	"49",
	pages	=	"217--237"
	}	


@inproceedings{Tseitin83,
         author = "G.~Tseitin",
         title = " {O}n the {C}omplexity of {D}erivations in {P}ropositional {C}alculus",
         year = "1983",
         publisher = "Springer-Verlag",
         editor = "J.~Siekmann and G.~Wrightson",
         booktitle = "Automation of Reasoning 2",
         series = "Classical Papers on Computational Logic",
         pages =  "466--483"
}

@article{Ven86,
	author	=	"G.~Venkatesh",
	title	=	"{A} {D}ecision {M}ethod for {T}emporal {L}ogic based on {R}esolution",
	journal	=	"Lectures Notes in Computer Science",
	volume	=	"206",
	pages	=	"272--289",
	year	=	"1986",
	comments	=	"inclusao minha - temporal logic"
	}	

@ARTICLE{Weidenbach97,
        AUTHOR = {Weidenbach, C.}, 
        YEAR = {1997},
        TITLE = {Spass: Version 0.49},
        JOURNAL = {Journal of Automated Reasoning},
        VOLUME = {18},
        PAGES = {247--252},
}

@InProceedings{WCR64,
	author	    =	"L. Wos and D. Carson and G. Robinson",
	title	    =	"{T}he {U}nit {P}reference {S}trategy in {T}heorem
			 {P}roving",
	booktitle    =	 FJCC,
        publisher   =   "Thompson Book Company",
	pages	    =	"615--621",
	year	    =	"1964",
	comments    =	"Bib file theorem-proving.bib (michael)",
	location    =	"mdfcopy"
}

@book{WOLB84,
	author	    =	"L.~Wos and R.~Overbeek and E.~Lusk and J.~Boyle",
	title	    =	"{A}utomated {R}easoning --
			 {I}ntroduction and {A}pplications",
	publisher   =	"Prentice-Hall",
	year	    =	"1984",
	address	    =	"Englewood Cliffs, New Jersey",
	comments    =	"Bib file theorem-proving.bib (michael)",
	ISBN	    =	"0-13-054446-9 (paper), 0-13-054453-1",
	location    =	"CSlib"
}

@book{Wos88,
	author	    =	"L. Wos",
	title	    =	"{A}utomated {R}easoning :
			 33 {B}asic  {R}esearch {P}roblems",
	publisher   =	"Prentice-Hall",
	year	    =	"1988",
	address	    =	"Englewood Cliffs, New Jersey",
	comments    =	"Bib file general.bib (clare)",
	ISBN	    =	"0-13-054552-X",
	location    =	"JRUL"
}

@article{WRC65,
	author	    =	"L. Wos and G. Robinson and D. Carson",
	title	    =	"{E}fficiency and {C}ompleteness of the {S}et
                         of {S}upport {S}trategy in {T}heorem {P}roving",
	journal	    =	JACM,
	volume	    =	"12",
	pages	    =	"536--541",
	year	    =	"1965",
	month	    =	 oct,
	comments    =	"Bib file theorem-proving.bib (michael)",
	location    =	"cldcopy"
}


@Article{Wol83,
  title =        "{Temporal Logic Can Be More Expressive}",
  author =       "P.~Wolper",
  pages =        "72--99",
  journal =      "Information and Control",
  month =        jan # "/" # feb,
  year =         "1983",
  volume =       "56",
  number =       "1/2",
  references =   "FOCS::HarelKP1980, FOCS::HarelPS1981,
                 FOCS::HalpernR1981, FOCS::Pnueli1977,
                 STOC::SistlaC1982, STOC::Streett1981,
                 popl::Ben-AriMP1981, jcss::CohenG1977,
                 jcss::FischerL1979, popl::GabbayPSS1980,
                 tcs::KozenP1981, jcss::Savitch1970, popl::Wolper1982,
                 icalp::EmersonC1980",
  references =   "\cite{FOCS::HarelKP1980} \cite{FOCS::HarelPS1981}
                 \cite{FOCS::HalpernR1981} \cite{FOCS::Pnueli1977}
                 \cite{STOC::SistlaC1982} \cite{STOC::Streett1981}
                 \cite{POPL::Ben-AriMP1981} \cite{JCSS::CohenG1977}
                 \cite{JCSS::FischerL1979} \cite{POPL::GabbayPSS1980}
                 \cite{TCS::KozenP1981} \cite{JCSS::Savitch1970}
                 \cite{POPL::Wolper1982} \cite{ICALP::EmersonC1980}",
}



@article{Wol85,
	author	    =	"P. Wolper",
	title	    =	"{T}he {T}ableaux {Method} for {T}emporal {L}ogic: {A}n {O}verview",
	journal	    =	"Logic et Analyse",
	volume	    =	"110-111",
	pages       =   "119-136",

	year	    =	"1985",
        month       =   jun  # "/" # sep,
	comments    =	"inclusao minha - temporal resolution",
	location    =	"??"
}