@article{WW2011,
author = {F. Wolter and M. Wooldridge},
title = {Temporal and Dynamic Logic},
journal = {Journal of Indian Council of Philosophical Research}, 
volume = {XXVII},
number = {1},
pages = {249--276}, 
month = {January--March},
year = {2011}
}

@phdthesis{Kamp1968,
author = "Kamp, J. A. W.", 
year = "1968",
title = "Tense Logic and the Theory of Linear Order", 
school = "University of California", 
address = "Los Angeles"
}

@article{Ami85,
	author	    =	"A. Amir",
	title	    =	"Separation in {N}on-{L}inear {T}ime {M}odels",
	journal	    =	InfCon,
	volume	    =	"66",
	number	    =	"3",
	pages	    =	"177-203",
	year	    =	"1985",
	month	    =	 sep,
	comments    =	"expressive completeness for branching tl's",
	location    =	"mdfcopy"
}

@phdthesis{Ami82,
	author	    =	"Amihood Amir",
	title	    =	"Functional Completeness in Tense Logic",
	year	    =	"1982",
	school =        "Bar-Ilan University",
	address	    =	"Ramat-Gan, Israel"
}

			 
@inproceedings{AFK87,
	author =	"K. Apt and N. Francez and S. Katz",
	title =		"{A}ppraising {F}airness in {L}anguages for
			 {D}istributed {P}rogramming",
	crossref    =   POPL14,
	location =	"mdfcopy"
}
			 
@techreport{Cas86,
	author	    =	"Ross Casley",
	title	    =	"A proof editor for propositional
			 temporal logic",
	institution =	stanf,
	number	    =	"{STAN-CS-86-1109}",
	year	    =	"1986",
	month	    =	 may,
	comments    =	"",
	location    =	"GDG copy"
}

@techreport{ZhouJunbo87,
	author	    =	"Zhou Chaochen and Liu Junbo",
	title	    =	"{S}ystem and its {E}nvironment",
	institution =	AcSin,
	year	    =	"1987",
	month	    =	 sep,
	address	    =	Beijing,
	comments    =	"Bib file tl.bib (michael)",
	location    =	"mdfcopy"
}

@techreport{ZhouHai85,
	author	    =	"Zhou Chaochen and Ni Haichu",
	title	    =	"{A} {T}emporal {S}emantics of {CSP} and
			 its {S}oundness",
	institution =	AcSin,
	year	    =	"1985",
	address	    =	Beijing,
	comments    =	"Bib file tl.bib (michael)",
	location    =	"mdfcopy"
}

@inproceedings{FKTM86,
	author	    =	"M. Fujita and S. Kono and T. Tanaka and T. Moto-oka",
	title	    =	"Tokio: {L}ogic {P}rogramming {L}anguage
			 based on {T}emporal {L}ogic and its
			 compilation into {P}rolog",
	booktitle   =	"3rd International Conference on Logic
			 Programming",
	year	    =	"1986",
	note	    =   "({P}ublished in {\em Lecture Notes in
			 Computer Science}, volume 225, Springer-Verlag)",
	address	    =	"London",
	month	    =	 jul,
	comments    =	"Bib file tl.bib (michael)",
	location    =	"mdfcopy"
}

@misc{Gab85,
	author =	"Dov Gabbay",
	title =		"{T}emporal {L}ogic {P}rogramming",
	year =		1985,
	month =		nov,
	note =		"Draft abstract",
	location =	"mdfcopy",
	comments =	"Imperial College; Temporal Prolog!"
}

@techreport{Ger83,
	author =	"Rob Gerth",
	title =		"Transition {L}ogic",
	institution =	utrcsd,
	number =	"{RUU}-{CS}--83-17",
	month =		nov,
	year =		1983,
	location =	"mdfcopy"
}


@book{Hai82,
	author =	"B. T. Hailpern",
	title =		"Verifying Concurrent Processes Using Temporal Logic",
	year =		1982,
	series =	LNCS,
	volume =	129,
	publisher =	SV,
        address =	"Berlin/New York",
	location =	"JRlib"
}



@article{HMM83,
	author =	"J. Halpern and Z. Manna and B. Moszkowski",
	title =		"{A} {H}ardware {S}emantics {B}ased on {T}emporal {I}ntervals",
	journal =	LNCS,
	volume =	154,
	pages =		"278--291",
	year =		1983,
	location =	"mdfcopy"
}

@inproceedings{Josko87,
	author =	"B. Josko",
	title =		"Modelchecking of {CTL} {F}ormulae under
			 {L}iveness {A}ssumptions",
	address =	"Altrincham, U.K.",
	booktitle =	"Colloquium on Temporal Logic",
	year =		1987,
	month =		apr,
	location =	"mdfcopy"
}

@article{Karp84,
	author	    =	"Richard Alan Karp",
	title	    =	"{P}roving {F}ailure-{F}ree {P}roperties of
			 {C}oncurrent {S}ystems {U}sing
			 {T}emporal {L}ogic",
	journal	    =	toplas,
	volume	    =	"6",
	number	    =	"2",
	pages	    =	"239-253",
	year	    =	"1984",
	month	    =	 apr,
	comments    =	"Bib file tl.bib (michael)",
	location    =	"mdfcopy"
}

@inproceedings{KVdR83,
	author =	"R. Koymans and J. Vytopil and W. P. deRoever",
	title =		"Real time programming and Asynchronous Message Passing",
	address =	"Montreal, Canada",
	booktitle =	PODC2,
	year =		1983,
	month =		aug,
	location =	"mdfcopy"
}

@article{Koymans87altrincham,
	author	    =	"R. Koymans",
	title	    =	"{S}pecifying {M}essage {P}assing {S}ystems
			 {R}equires {E}xtending {T}emporal {L}ogic",
	journal	    =	LNCS,
	volume	    =	"398",
	pages	    =	"213-223",
	year	    =	"1987",
	comments    =	"Bib file tl.bib (michael)",
	location    =	"mdfcopy"
}

@techreport{KdR83,
	author =	"R. Koymans and W. P. deRoever",
	title =		"Examples of a Real Time Temporal Specification",
	institution =	nijcsd,
	year =		1983,
	address =	"Holland",
	number =	"Report no. 47",
	location =	"HBcopy"
}

@article{Kro84,
	author =	"F. Kr{\"o}ger",
	title =		"{A} {G}eneralised {N}exttime {O}perator in {T}emporal {L}ogic",
	journal =	JCSS,
	volume =	29,
	number =	1,
	pages =		"80--98",
	year =		1984,
	comments =	"Fred Krogers good one",
	location =	"mdfcopy"
}

@book{Kro87,
	author	    =	"Fred Kr{\"o}ger",
	title	    =	"Temporal Logic of Programs",
	publisher   =	SV,
	year	    =	"1987",
	series	    =	"Monographs on Theoretical Computer Science",
	comments    =	"Bib file tl.bib (michael)",
	location    =	"mdfbook"
}

@article{Lam83spec,
	author	    =	"Leslie Lamport",
	title	    =	"{S}pecifying {C}oncurrent {P}rogram {M}odules",
	journal	    =	toplas,
	volume	    =	"5",
	number	    =	"2",
	pages	    =	"190-222",
	year	    =	"1983",
	month	    =	 apr,
	comments    =	"Bib file tl.bib (michael)",
	location    =	"mdfcopy"
}

@inproceedings{Lam80p,
	author =	"L. Lamport",
	title =		"{S}ometime is {S}ometimes {N}ot {N}ever",
	booktitle =	POPL7,
	address =	POPL7address,
	year =		1980,
	month =		jan,
	pages =		"174--185",
	location =	"mdfcopy"
}

@article{LamSch84-CSP,
	author	    =	"Leslie Lamport and Fred B. Schneider",
	title	    =	"{T}he {H}oare {L}ogic of {CSP}, and {A}ll {T}hat",
	journal	    =	toplas,
	volume	    =	"6",
	number	    =	"2",
	pages	    =	"281-296",
	year	    =	"1984",
	month	    =	 apr,
	comments    =	"Bib file tl.bib (michael)",
	location    =	"mdfcopy"
}

@inproceedings{Lam83,
	author =	"L. Lamport",
	year =		1983,
	booktitle =	IFIP,
	pages =		"657--668",
	title =		"What {G}ood is {T}emporal {L}ogic?",
	location =	"mdfcopy"
}

@incollection{Lam85NATO,
	author	    =	"L. Lamport",
	title	    =	"{A}n {A}xiomatic {S}emantics of {C}oncurrent {P}rogramming {L}anguages",
	pages	    =	"77-122",
	publisher   =	SV,
	year	    =	"1985",
	booktitle   =	"{L}ogics and {M}odels of {C}oncurrent {S}ystems",
	editor	    =	"Krzysztof R. Apt",
	comments    =	"NATOvs",
	location    =	"JRlib, 510.8, A80"
}

@inproceedings{Lam85,
	author =	"Leslie Lamport",
	title =		"What it means for a concurrent program to satisfy a specification: {W}hy no one has specified priority",
	booktitle =	POPL12,
	address =	POPL12address,
	year =		1985,
	month =		jan,
	pages =		"78--83",
	location =	"mdfcopy"
}

@unpublished{Lam86,
	author	    =	"L. Lamport",
	title	    =	"Specification Simplified",
	year	    =	"1986",
	note        =	"(Draft version)",
	location    =	"mdfcopy"
}

@inproceedings{MCS82,
	author =	"J. Misra and K. Chandy and Smith",
	title =		"Proving safety and liveness of communicating processes with examples",
	booktitle =	PODC1,
	year =		1982,
	location =	"mdfcopy"
}

@techreport{Mos83,
	author =	"B. Moszkowski",
	title =		"Reasoning about Digital Circuits",
	year =		1983,
	month =		jul,
	institution =	stanf,
	location =	"CSlib"
}

@techreport{Mos84,
	author =	"B. Moszkowski",
	title =		"{E}xecuting {T}emporal {L}ogic {P}rograms",
	year =		1984,
	month =		aug,
	institution =	camcsd,
	number =	"(no. 55)",
	location =	"mdfcopy"
}

@techreport{MM83,
	author =	"B. Moszkowski and Z. Manna",
	title =		"Reasoning in Interval Temporal Logic",
	year =		1983,
	month =		jul,
	institution =	stanf,
	location =	"CSlib"
}

@inproceedings{MM84,
	author	    =	"B. Moszkowski and Z. Manna",
	title	    =	"{R}easoning in {I}nterval {T}emporal {L}ogic",
	booktitle   =	"AMC/NSF/ONR Workshop on Logics of Programs",
	year	    =	"1984",
	pages	    =	"371-383",
	publisher   =	"Volume 164, LNCS, Springer-Verlag",
	address	    =	"Berlin",
	comments    =	"",
	location    =	"mdfcopy"
}

@book{Mos86,
	author	    =	"Ben Moszkowski",
	title	    =	"{E}xecuting {T}emporal {L}ogic {P}rograms",
	publisher   =	"Cambridge University Press",
	year	    =	"1986",
	address	    =	"Cambridge, U.K.",
	location    =	"mdfbook",
	ISBN	    =	"0 521 31099 7"
}

@unpublished{Hale88,
	author	    =	"Roger Hale",
	title	    =	"Using {T}emporal {L}ogic for
			 {P}rototyping: {T}he {D}esign of a
			 {L}ift {C}ontroller",
	year	    =	"1988",
	note	    =	" ",
	comments    =	"Bib file tl.bib (michael)",
	location    =	"mdfcopy"
}

@article{MW84,
	author =	"Z. Manna and P. Wolper",
	title =		"Synthesis of communicating processes from temporal logic specifications",
	journal =	toplas,
	volume =	"6",
	number =	"1",
	month =		jan,
	year =		"1984",
	location =	"mdfcopy"
}

@inproceedings{NGO85,
	author =	"Van Nguyen and D. Gries and S. Owicki",
	title =		"A Model and Temporal Proof System for Networks of Processes",
	booktitle =	POPL12,
	address =	POPL12address,
	month =		jan,
	year =		1985,
	pages =		"121--131",
	location =	"mdfcopy"
}

@article{OL82,
	author =	"S. Owicki and L. Lamport",
	title =		"Proving {L}iveness {P}roperties of {C}oncurrent {P}rograms",
	journal =	ToPLaS,
	volume =	4,
	number =	3,
	month =		jul,
	year =		1982,
	pages =		"455--495",
	location =	"mdfcopy"
}

@techreport{Pla83a,
	author =	"D. A. Plaisted",
	title =		"A decision procedure for combinations of propositional temporal logic and other specialized theories",
	year =		1983,
	month =		mar,
	institution =	"{SRI}/{NASA}",
	number =	"{C}ontractor {R}eport 172262",
	location =	"mdfcopy"
}

@article{Pla83lncs,
	author =	"D. A. Plaisted",
	title =		"A low level language for obtaining decision procedures for classes of temporal logics",
	journal =	LNCS,
	volume =	"164",
	pages =		"403--420",
	year =		1983,
	month =		jun,
	location =	"mdfcopy"
}

@inproceedings{QS82,
	author =	"J. Queille and J. Siffakis",
	title =		"A Temporal Logic to deal with Fairness in Transition Systems",
	booktitle =	"Proceedings of the Conference on Foundations of Computer Science",
	year =		1982,
	publisher =	"IEEE",
	location =	"mdfcopy"
}

@article{QS83,
	author =	"J. Queille and J. Siffakis",
	title =		"Fairness and Related Properties in transition Systems---{A} Temporal Logic to deal with Fairness in Transition Systems",
	journal =	Acta,
	volume =	19,
	pages =		"195--220",
	year =		1983,
	location =	"mdfcopy"
}

@article{RS83,
	author =	"J. Reif and A. P. Sistla",
	title =		"A multiprocess network logic with temporal and spatial modalities",
	journal =	LNCS,
	volume =	154,
	pages =		"629--639",
	year =		1983,
	location =	"mdfbook"
}

@techreport{Reisig87,
	author	    =	"Wolfgang Reisig",
	title	    =	"{T}owards a {T}emporal {L}ogic for
			 {T}rue {C}oncurrency. {P}art 1: {L}inear
			 {T}ime {P}ropositional {L}ogic",
	institution =	GMD,
	number	    =	"277",
	year	    =	"1987",
	month	    =	 nov,
	comments    =	"Bib file tl.bib (michael)",
	location    =	"mdfcopy"
}

@book{RU71,
	author =	"N. Rescher and A. Urquart",
	title =		"Temporal logic",
	year =		1971,
	publisher =	SV,
	location =	"JRlib"
}

@article{SC82,
	author =	"A. P. Sistla and E. M. Clarke",
	title =		"Complexity of propositional linear temporal logics",
	journal =	JACM,
	volume =	"32",
	number =	3,
	pages =		"733--749",
	month =		jul,
	year =		"1985",
	location =	"mdfcopy",
	comments =	"STOC14,1982"
}

@misc{SCFG82,
	author =	"A. Sistla and E. M. Clarke and N. Francez and Y. Gurevich",
	title =		"Can message buffers be characterised in linear temporal logic",
	year =		1982,
	location  =	"mdfcopy",
	comments =	"origin unknown"
}

@article{SCFM84,
	author =	"A. Sistla and E. M. Clarke and N. Francez and A. R. Meyer",
	title =		"Can {M}essage {B}uffers be {A}xiomatised in {L}inear {T}emporal {L}ogic",
	journal =	InfCon,
	volume =	"63",
	number =	"1/2",
	month =		"October/November",
	year =		1984,
	location  =	"JRlib"
}

@misc{Scwf,
	author =	"J-P Schwartz",
	title =		"Quasar, une realisation du systeme Cesar: {D}escription, Specification et analyse des applications reparties",
	location =	"mdfcopy",
	comments =	"????"
}

@techreport{Sis83,
	author =	"A. P. Sistla",
	title =		"Theoretical Issues in the Design and Verification of Distributed Systems",
	institution =	CMU,
	number =	"CMU-CS-83-146",
	year =		1983,
	month =		aug
} 

@inproceedings{SM81,
	author =	"R. L. Schwartz and P. M. Melliar-Smith",
	title =		"Temporal Logic Specification of Distibuted Systems",
	year =		1981,
	booktitle =	"Proceedings of the Second International Conference on Distributed Systems",
	location =	"mdfcopy"
}

@article{SM82,
	author =	"R. L. Schwartz and P. M. Melliar-Smith",
	title =		"From State Machines to Temporal Logic: {S}pecification Methods for Protocol Standards",
	journal =	IEEEcomp,
	volume =	30,
	number =	12,
	year =		1982,
	month =		dec,
	location =	"mdfcopy"
}

@article{SMV83a,
	author =	"R. L. Schwartz and P. M. Melliar-Smith and F. H. Vogt",
	title =		"An {I}nterval-{B}ased {T}emporal {L}ogic",
	journal =	LNCS,
	volume =	164,
	pages =		"443--457",
	year =		1983,
	month =		jun,
	location =	"mdfbook"
}

@techreport{SMV83b,
	author =	"R. L. Schwartz and P. M. Melliar-Smith and F. H. Vogt",
	title =		"An Interval Logic for Higher-Level Temporal Reasoning: Language Definition and Examples",
	year =		1983,
	institution =	"SRI International",
	location =	"mdfcopy(possibly)"
}

@inproceedings{SPE84,
	author =	"D. E. Shasha and A. Pnueli and W. Ewald",
	title =		"Temporal Verification of Carrier-Sense Local Area Network Protocols",
	booktitle =	POPL11,
	address =	POPL11address,
	pages =		"54--65",
	year =		1984,
	month =		jan,
	location =	"mdfcopy"
}

@inproceedings{Vardi88fix,
	author	    =	"Moshe Y. Vardi",
	title	    =	"{A} {T}emporal {F}ixpoint {C}alculus",
	booktitle   =	POPL15,
	year	    =	POPL15year,
	pages	    =	"250-259",
	note	    =	"(Extended Abstract)",
	address	    =	POPL15address,
	month	    =	jan,
	location    =	"mdfcopy"
}

@article{Ven86,
	author	    =	"G. Venkatesh",
	title	    =	"{A} {D}ecision {M}ethod for {T}emporal {L}ogic
			 based on {R}esolution",
	journal	    =	LNCS,
	volume	    =	"206",
	pages	    =	"272-289",
	year	    =	"1986",
	location    =	"mdfcopy"
}

@inproceedings{Ven87,
	author	    =	"G. Venkatesh",
	title	    =	"Modelling and verification of digital
			 systems using temporal logic",
	booktitle   =	"CHDL 87",
	year	    =	"1987",
	editor	    =	"M. Barbacci and C. J. Koomen",
	pages	    =	"297-308",
	organization =  "IFIP WG 10.2",
	publisher   =	"Elsevier",
	month	    =	 apr,
	location    =	"mdfcopy"
}

@phdthesis{Wol82,
	author	    =	"Pierre Wolper",
	title	    =	"{S}ynthesis of {C}ommunicating {P}rocesses
			 from {T}emporal {L}ogic {S}pecifications",
	school	    =	"Stanford University",
	year	    =	"1982"
}

@article{Wol83,
	author =	"Pierre Wolper",
	title =		"Temporal {L}ogic {C}an {B}e {M}ore {E}xpressive",
	journal =	InfCon,
	volume =	56,
	year =		1983,
	location =	"mdfcopy"
}

@article{Wol85,
	author =	"Pierre Wolper",
	title =		"The {T}ableau {M}ethod for {T}emporal
			 {L}ogic: {A}n overview",
	journal =	Logique,
	volume =	"110--111",
	month =		"June-Sept",
	year =		1985,
	pages =		"119--136",
	location =	"mdfcopy"
}

@techreport{UKMH87,
	author	    =	"N. Uchihira and T. Kasaya and K.
			 Matsumoto and S. Honiden",
	title	    =	"{C}oncurrent {P}rogram {S}ynthesis with
			 {R}eusable {C}omponents using {T}emporal
			 {L}ogic",
	institution =	"ICOT",
	number	    =	"{TR}-271",
	year	    =	"1987",
	month	    =	 jun,
	type	    =	"Technical Report",
	address	    =	"Minato-ku, Tokyo, Japan",
	comments    =	"Bib file tl.bib (michael)",
	location    =	"mdfcopy"
}

@article{Szalas87,
	author	    =	"Andrzej Szalas",
	title	    =	"{A}rithmetical {A}xiomatisation of
			 {F}irst-{O}rder {T}emporal {L}ogic",
	journal	    =	IPlet,
	volume	    =	"26",
	pages	    =	"111-116",
	year	    =	"1987",
	month	    =	 nov,
	location    =	"mdfcopy"
}

@article{ZLS87,
	author	    =	"Mingfa Zhu and Nan K. Loh and Pepe Siy",
	title	    =	"{T}owards the {M}inimum {S}et of {P}rimitive
			 {R}elations in {T}emporal {L}ogic",
	journal	    =	IPlet,
	volume	    =	"26",
	pages	    =	"121-126",
	year	    =	"1987",
	month	    =	 nov,
	location    =	"mdfcopy"
}


@article{SzaHol88,
	author	    =	"Andrzej Szalas and Leszek Holenderski",
	title	    =	"{I}ncompleteness of {F}irst-{O}rder {T}emporal
			 {L}ogic with {U}ntil",
	journal	    =	TCS,
	volume	    =	"57",
	pages	    =	"317-325",
	year	    =	"1988",
	comments    =	"Bib file tl.bib (michael)",
	location    =	"mdfcopy"
}

@inproceedings{Baudinet89,
	author	    =	"Marianne Baudinet",
	title	    =	"{T}emporal {L}ogic {P}rogramming is
			 {C}omplete and {E}xpressive",
	booktitle   =	"POPL16",
	year	    =	"1989",
	organization	=	"ACM",
	address	    =	"Austin, Texas",
	month	    =	 jan,
	comments    =	"Bib file tl.bib (michael)",
	location    =	"mdfcopy"
}

@techreport{Tang88,
	author	    =	"Tong Gao Tang",
	title	    =	"A {T}emporal {L}anguage for {H}ardware
			 {S}imulation, {S}pecification and
			 {V}erification", 
	institution =	CMU,
	number	    =	"{CMU}-{CS}-88-194",
	year	    =	"1988",
	month	    =	 sep,
	type	    =	"Technical Report",
	comments    =	"Bib file tl.bib (michael)",
	location    =	"mdfcopy"
}

@techreport{Hiralshi88,
	author =	"Hiromi Hiralshi",
	year =		"1988",
	month =		sep,
	institution =	CMU,
	number =	 "CMU-CS-88-195",		 
	title =		"{D}esign {V}erification of {S}equential
			 {M}achines {B}ased on a {M}odel {C}hecking
			 {A}lgorithm of {$\epsilon$}-free {R}egular
			 {T}emporal {L}ogic",
	location =	 "mdfcopy"
}

@inproceedings{StirlingWalker89,
	author	    =	"C. Stirling and D. Walker",
	title	    =	"{L}ocal {M}odel {C}hecking in the
			 {M}odal {M}u-{C}alculus",
	booktitle   =	"LNCS 391 Proc. CAAP 1989",
	year	    =	"1989",
	location    =	"mdfcopy"
}

@techreport{Walker88,
	author	    =	"D.J. Walker",
	title	    =	"Automated {A}nalysis of {M}utual {E}xclusion
			 {A}lgorithms using {CCS}",
	institution =	"University of Edinburgh",
	year	    =	"1988",
	location    =	"mdfcopy"
}


@techreport{ClarkeLM89,
	author =	"E. M. Clarke and D. E. Long and K. L. McMillan",
	year =		"1989",
	month =		jan,
	institution =	CMU,
	number =	 "CMU-CS-89-110",		 
	title =		"{A} {L}anguage for {C}ompositional
			 {S}pecification and {V}erification of {F}inite
			 {S}tate {H}ardware {C}ontrollers",
	location =	 "mdfcopy"
}

@techreport{Browne89,
	author =	"Michael C. Browne",
	year =		"1989",
	month =		feb,
	institution =	CMU,
	number =	 "CMU-CS-89-117",		 
	title =		"{A}utomatic {V}erification of {F}inite
			 {S}tate {M}achines {U}sing {T}emporal
			 {L}ogic",
	note	=	 "(PhD Thesis)",
	location =	 "mdfcopy"
}


@unpublished{ShengChi,
	author	    =	"Zhou Shengzong and Tang Chi-sung",
	title	    =	"Designing and verifying distributed
			 programs using temporal logic",
	year	    =	"1988",
	comments    =	"Bib file tl.bib (michael)",
	location    =	"mdfcopy"
}

@misc{Janssen89a,
	author	    =	"G. L. J. M. Janssen",
	title	    =	"{C}ircuit {M}odelling and {A}nimated
			 {I}nteractive {S}imulation in {E}scher{${}^+$}",
	organization	="Eindhoven University of Technology",
	note	    =	"!989 Eurpoean Simulation
			 Multiconference, 7-9 June",
	location    =	"mdfcopy"
}

@manual{Janssen89b,
	author	    =	"G. L. J. M. Janssen",
	title	    =	"{H}ardware {V}erification using {T}emporal
			 {L}ogic: {A} {P}ractical {V}iew",
	organization	="Eindhoven University of Technology",
	edition	    =	"Preliminary version",
	month	    =	 jun,
	year	    =	"1989",
	location    =	"mdfcopy"
}


@manual{DeJong89b,
	author	    =	"G. G. De Jong",
	title	    =	"Verification of Data Flow Graphs using
			 Temporal Logic",
	organization	="Eindhoven University of Technology",
	location    =	"mdfcopy"
}


@inproceedings{Penczek89,
        author      =   "Wojciech Penczek",
	title	    =	"{A} {T}emporal {L}ogic for the {L}ocal
			 {S}pecification of {C}oncurrent {S}ystems",
	pages	    =	 "857-862",
	booktitle   =	"Information Processing",
	year	    =	1989,
	address	    =	"San Fransisco",
	location    =	"mdfcopy"
}

@inproceedings{KilisEsterSlag89,
        author      =   "Danny Kilis and Albert C. Esterline and
			 James R. Slagle",
	title	    =	"{S}pecification and {V}erification of
			 {N}etwork {P}rotocols using {E}xecutable
			 {T}emporal {L}ogic",
	pages	    =	 "845-850",
	booktitle   =	"Information Processing",
	year	    =	1989,
	address	    =	"San Fransisco",
	location    =	"mdfcopy"
}

@inproceedings{QianZhao89,
        author      =   "Wei Qian and Zhaokeng Zhao",
	title	    =	"{T}emporal {R}easoning {M}anagement with
			 {N}onmonotonicity",
	pages	    =	 "667-672",
	booktitle   =	"Information Processing",
	year	    =	1989,
	address	    =	"San Fransisco",
	location    =	"mdfcopy"
}

@unpublished{KSW90,
	author	    =	"F. Kabanza and J-M. Stevenne and P. Wolper",
	title	    =	"{H}andling {I}nfinite {T}emporal {D}ata",
	year	    =	"1990",
	note	    =	"(to appear in Ninth Annual ACM Symposium
			 on the Principles of Database Systems)",
	comments    =	"Bib file tl.bib (michael)",
	location    =	"mdfcopy"
}

@techreport{MasisniSchettini88,
	author	    =	"Andrea Masini and Andrea Maggiolo-Schettini",
	title	    =	"{L}ocal and {G}lobal {T}ime {L}ogic: {A}
			 {F}ormalism to {D}escribe
			 {F}inite-{S}tate {D}istributed {S}ystems",
	institution =	"Dipartimento di Informatica, Universita
			 degli studi di Pisa",
	number	    =	"{TR-5/88}",
	year	    =	"1988",
	month	    =	 mar,
	type	    =	"Technical Report",
	comments    =	"Bib file tl.bib (michael)",
	location    =	"mdfcopy"
}

@article{Tang89,
	author	    =	"Tong Gao Tang",
	title	    =	"{T}emporal {L}ogic {CTL} {$+$} {P}rolog",
	journal	    =	JAR,
	volume	    =	"5",
	pages	    =	"49-65",
	year	    =	"1989",
	comments    =	"Bib file tl.bib (michael)",
	location    =	"mdfcopy"
}

@article{DaneluttoMasini89,
	author	    =	"M. Danelutto and A. Masini",
	title	    =	"{A} {T}emporal {L}ogic {A}pproach to {S}pecify and
			 to {P}rove {P}roperties of {F}inite {S}tate
			 {C}oncurrent {S}ystems",
	journal	    =	LNCS,
	volume	    =	"385",
	year	    =	"1989",
	pages	    =	"63-79",
	comments    =	"Bib file tl.bib (michael)",
	location    =	"mdfcopy"
}

@article{Lippert89,
	author	    =	"D. Lippert",
	title	    =	"{I}nterval {T}emporal {L}ogic and
			 {S}tar-{F}ree {E}xpressions",
	journal	    =	LNCS,
	volume	    =	"385",
	year	    =	"1989",
	pages	    =	"187-198",
	comments    =	"Bib file tl.bib (michael)",
	location    =	"mdfcopy"
}

@article{SaakeLipeck89,
	author	    =	"Gunter Saake and Udo W. Lipeck",
	title	    =	"{U}sing {F}inite-{L}inear {T}emporal
			 {L}ogic for {S}pecifying {D}atabase {D}ynamics",
	journal	    =	LNCS,
	volume	    =	"385",
	pages	    =	"288-300",
	year	    =	"1989",
	comments    =	"Bib file tl.bib (michael)",
	location    =	"mdfcopy"
}

@article{Peach89,
	author	    =	"Barbara Peach",
	title	    =	"{G}entzen-{S}ystems for {P}ropositional
			 {T}emporal {L}ogics",
	journal	    =	LNCS,
	volume	    =	"385",
	year	    =	"1989",
	pages	    =	"240-253",
	comments    =	"Bib file tl.bib (michael)",
	location    =	"mdfcopy"
}

@techreport{Lamport90-action,
	author	    =	"Leslie Lamport",
	title	    =	"{A} {T}emporal {L}ogic of {A}ctions",
	institution =	DECsrc,
	number	    =	"57",
	year	    =	"1990",
	month	    =	 apr,
	type	    =	"{T}echnical {R}eport",
	comments    =	"Bib file tl.bib (michael)",
	location    =	"mdfcopy"
}

@article{Lamport94:TLA,
	author	    =	"L.~Lamport",
	title	    =	"{T}he {T}emporal {L}ogic of {A}ctions",
	journal     =   toplas,
	volume      =   16,
	year	    =	"1994",
	comments    =	"Bib file tl.bib (michael)",
	location    =	"mdfcopy"
}

@techreport{Goldblatt87,
	author	    =	"R. Goldblatt",
	title	    =	"{L}ogics of {T}ime and {C}omputation",
	institution =	CSLI,
	number	    =	"7",
	year	    =	"1987",
	type	    =	CSLI-LN,
	comments    =	"Bib file tl.bib (michael)",
	location    =	"mdfcopy"
}

@article{SchnoebelenPinchinat90esop,
	author	    =	"Ph. Schnoebelen and S. Pinchinat",
	title	    =	"{O}n the {W}eak {A}dequacy of {B}ranching-{T}ime
			 {T}emporal {L}ogic",
	journal	    =	LNCS,
	volume	    =	"432",
	pages	    =	"377-388",
	year	    =	"1990",
	month	    =	 may,
	note	    =	"({P}roc. {ESOP}'90)",
	comments    =	"Bib file tl.bib (michael)",
	location    =	"mdfcopy"
}

@techreport{Schnoebelen90congruence,
	author	    =	"Ph. Schnoebelen",
	title	    =	"{C}ongruence {P}roperties of the
			 {P}rocess {E}quivalence {I}nduced by
			 {T}emporal {L}ogic",
	institution =	"LIFIA, IMAG",
	number	    =	"{RR 831-I-Imag 118 LIFIA}",
	year	    =	"1990",
	month	    =	 oct,
	type	    =	"{T}echnical {R}eport",
	address	    =	"Grenoble, France",
	comments    =	"Bib file tl.bib (michael)",
	location    =	"mdfcopy"
}

@techreport{Zhou91tlprog,
	author	    =	"Shengzong Zhou",
	title	    =	"{UNITY}-like {T}emporal {L}ogic {P}rogramming",
	institution =	"{FB 14 - Informatik}, Universit{\"a}t
			 des Saarlandes",
	number	    =	"{SFB 124 -- 06/1991}",
	year	    =	"1991",
	month	    =	 feb,
	type	    =	"{T}echnical {R}eport",
	address	    =	"{D--6600} Saabr{\"u}cken, Germany",
	comments    =	"Bib file tl.bib (michael)",
	location    =	"HBcopy"
}

@techreport{Zhou91comp,
	author	    =	"Shengzong Zhou",
	title	    =	"{C}ompositional {T}emporal {L}ogic {S}pecifications",
	institution =	"{FB 14 - Informatik}, Universit{\"a}t
			 des Saarlandes",
	number	    =	"{SFB 124 -- 07/1991}",
	year	    =	"1991",
	month	    =	 feb,
	type	    =	"{T}echnical {R}eport",
	address	    =	"{D--6600} Saabr{\"u}cken, Germany",
	comments    =	"Bib file tl.bib (michael)",
	location    =	"HBcopy"
}

@article{Kroger90arith,
	author	    =	"Fred Kr{\"o}ger",
	title	    =	"{O}n {T}he {I}nterpretability of {A}rithmetic in
			 {T}emporal {L}ogic",
	journal	    =	TCS,
	volume	    =	"73",
	pages	    =	"47-60",
	year	    =	"1990",
	comments    =	"Bib file tl.bib (michael)",
	location    =	"mdfcopy"
}

@book{Ost89,
	author	    =	"J. S. Ostroff",
	title	    =	"{T}emporal {L}ogic for {R}eal-{T}ime {S}ystems",
	publisher   =	"Research Studies Press",
	year	    =	"1989",
	series	    =	"Advance Software Development Series",
	address	    =	"Taunton, England",
	ISBN	    =	"0 08380 086 6",
	location    =	"HB copy"
}

@inproceedings{CaFa84,
	author	    =	"A. Cavali and del Cerro, L. Fari{\~n}as",
	title	    =	"{A} {D}ecision {M}ethod for {L}inear {T}emporal {L}ogic",
	booktitle   =	CADE84,
	year	    =	"1984",
	editor	    =	"R.~E. Shostak",
	pages	    =	"113-127",
	publisher   =	"{LNCS} 170",
	comments    =	"clausal temporal resolution: Bib file gdg-tletc.bib"
}

@article{BTK91:non-reified,
	author	    =	"F.~Bacchus and J.~Tenenberg and J.~Koomen",
	title	    =	"A non-reified temporal logic",
	journal	    =	AI,
	volume	    =	"52",
	pages	    =	"87-108",
	year	    =	"1991",
	comments    =	"Bib file tl.bib (michael)",
	location    =	"mdfcopy"
}

@techreport{JardJeron91,
	author	    =	"C.~Jard and T.~J{\'e}ron",
	title	    =	"Bounded-Memory Algorithms for
			 Verification on-the-fly",
	institution =	"{I}nstitut {N}ational de la {R}echerche en
			 {I}nformatique et {A}utomatique ({INRIA})",
	number	    =	"1462",
	year	    =	"1991",
	month	    =	 jun,
	type	    =	"{R}apport de {R}echerche",
	address	    =	"Rocquencourt, Le Chesnay, ({F}rance)",
	comments    =	"Bib file tl.bib (michael)",
	note        =   "({A}ppeared in {CAV}'91)",
	location    =	"mdfcopy"
}

@article{LodayaRamanujan91,
	author	    =	"K.~Lodaya and R.~Ramanujan",
	title	    =	"Tense Logics for Local Reasoning in
			 Distributed Systems",
	journal	    =	LNCS,
	volume	    =	"560",
	pages	    =	"71-86",
	year	    =	"1991",
	comments    =	"Bib file tl.bib (michael)",
	location    =	"mdfcopy"
}

@unpublished{CD:expressive,
	author	    =	"E. M. Clarke and I.A. Draghicescu",
	title	    =	"{E}xpressibility {R}esults for {L}inear
			 {T}ime and {B}ranching {T}ime {L}ogics",
	comments    =	"Bib file tl.bib (michael)",
	location    =	"wprmcopy"
}

@article{BJC91,
	author	    =	"B. Richards and Y. Jiang and H. Choi",
	title	    =	"{O}n {I}nterval-{B}ased {T}emporal
			 {P}lanning: {A}n {IQ} {S}trategy",
	journal	    =	LNCS,
	volume	    =	"542",
	pages	    =	"226-235",
	year	    =	"1991",
	comments    =	"Bib file tl.bib (michael)",
	location    =	"mdfcopy"
}

@article{Terenziani91,
	author	    =	"Paolo Terenziani",
	title	    =	"{C}ombining {T}ime {P}oints and {T}ime
			 {I}ntervals in a {H}ybrid {K}nowledge
			 {R}epresentation {F}ormalism",
	journal	    =	LNCS,
	volume	    =	"542",
	pages	    =	"246-255",
	year	    =	"1991",
	comments    =	"Bib file tl.bib (michael)",
	location    =	"mdfcopy"
}

@article{HHY92,
	author	    =	"K. Hamaguchi and H. Hiraishi and S. Yajima",
	title	    =	"{$\inf$}-{R}egular temporal logic and
			 its model checking problem",
	journal	    =	TCS,
	volume	    =	"103",
	pages	    =	"191-204",
	year	    =	"1992",
	comments    =	"Bib file tl.bib (michael)",
	location    =	"mdfcopy"
}

@article{ANS91,
	author	    =	"H. Andr{\'e}ka and I. N{\'e}meti and I. Sain",
	title	    =	"On the strength of temporal proofs",
	journal	    =	"Theoretical Computer Science",
	volume	    =	"80",
	pages	    =	"125-151",
	year	    =	"1991",
	comments    =	"Bib file tl.bib (michael)",
	location    =	"mdfcopy"
}

@incollection{emerson:90a,
	author	    =	"E.~A. Emerson",
	title	    =	"{T}emporal and {M}odal {L}ogic",
	booktitle   =	"Handbook of Theoretical Computer
			 Science", 
	publisher   =	"Elsevier",
	year	    =	"1990",
	editor	    =	"J.~van Leeuwen",
	pages	    =	"996--1072"
}

@incollection{Merz93:IJCAI-WS,
	author	    =	"S. Merz",
	title	    =	"{E}fficiently {E}xecutable {T}emporal
			 {L}ogic {P}rograms",
	booktitle   =	"Executable Modal and Temporal Logics",
	editor      =	"M. Fisher and R. Owens",
	year	    =	"1995",
	publisher   =	"Springer-Verlag",
	series      =	"Lecture Notes in Artificial Intelligence",
	address	    =	"Hiedelberg, Germany",
	volume      =	897,
	comments    =	"Bib file tl.bib (michael)",
	location    =	"mdfcopy"
}

@incollection{Fruhwirth93:IJCAI-WS,
	author	    =	"T. Fr{\"u}hwirth",
	title	    =	"{T}emporal {L}ogic and {A}nnotated
			 {C}onstraint {L}ogic {P}rogramming",
	booktitle   =	"Executable Modal and Temporal Logics",
	editor      =	"M. Fisher and R. Owens",
	year	    =	"1995",
	publisher   =	"Springer-Verlag",
	series      =	"Lecture Notes in Artificial Intelligence",
	address	    =	"Hiedelberg, Germany",
	volume      =	897,
	comments    =	"Bib file tl.bib (michael)",
	location    =	"mdfcopy"
}

@incollection{Kono93:IJCAI-WS,
	author	    =	"S. Kono",
	title	    =	"{A} {C}ombination of {C}lausal and
			 {N}on-{C}lausal {T}emporal {L}ogic {P}rograms",
	booktitle   =	"Executable Modal and Temporal Logics",
	editor      =	"M. Fisher and R. Owens",
	year	    =	"1995",
	publisher   =	"Springer-Verlag",
	series      =	"Lecture Notes in Artificial Intelligence",
	address	    =	"Hiedelberg, Germany",
	volume      =	897,
	comments    =	"Bib file tl.bib (michael)",
	location    =	"mdfcopy"
}

@incollection{Reynolds93:IJCAI-WS,
	author	    =	"M. Reynolds",
	title	    =	"{T}owards {F}irst-{O}rder {C}oncurrent
			 \hbox{\sc MetateM}", 
	booktitle   =	"Executable Modal and Temporal Logics",
	editor      =	"M. Fisher and R. Owens",
	year	    =	"1995",
	publisher   =	"Springer-Verlag",
	series      =	"Lecture Notes in Artificial Intelligence",
	address	    =	"Hiedelberg, Germany",
	volume      =	897,
	comments    =	"Bib file tl.bib (michael)",
	location    =	"mdfcopy"
}

@incollection{Brzoska93:IJCAI-WS,
	author	    =	"C. Brzoska",
	title	    =	"{T}emporal {L}ogic {P}rogramming with
			 {M}etric  and	 {P}ast {O}perators",
	booktitle   =	"Executable Modal and Temporal Logics",
	editor      =	"M. Fisher and R. Owens",
	year	    =	"1995",
	publisher   =	"Springer-Verlag",
	series      =	"Lecture Notes in Artificial Intelligence",
	address	    =	"Hiedelberg, Germany",
	volume      =	897,
	comments    =	"Bib file tl.bib (michael)",
	location    =	"mdfcopy"
}

@incollection{Cavalcanti93:IJCAI-WS,
	author	    =	"M. Cavalcanti",
	title	    =	"{Solving Air Traffic Problems with ``Possible
			 Worlds''}",
	booktitle   =	"Executable Modal and Temporal Logics",
	editor      =	"M. Fisher and R. Owens",
	year	    =	"1995",
	publisher   =	"Springer-Verlag",
	series      =	"Lecture Notes in Artificial Intelligence",
	address	    =	"Hiedelberg, Germany",
	volume      =	897,
	comments    =	"Bib file tl.bib (michael)",
	location    =	"mdfcopy"
}

@unpublished{Merz91:incompleteness,
	author	    =	"Stephan Merz",
	title	    =	"Decidability and {I}ncompleteness
			 {R}esults for {F}irst-{O}rder {T}emporal
			 {L}ogics of {L}inear {T}ime", 
	year	    =	"1991",
	comments    =	"Bib file tl.bib (michael)",
	location    =	"mdfcopy"
}

@incollection{Baudinet92:ILP,
	author	    =	"M. Baudinet",
	title	    =	"{A} {S}imple {P}roof of the {C}ompleteness of
			 {T}emporal {L}ogic {P}rogramming", 
	booktitle   =	"Intensional Logics for Programming",
	publisher   =	"Oxford University Press",
	year	    =	"1992",
	editor	    =	"L Fari{\~n}as del Cerro and M. Penttonen",
	comments    =	"Bib file tl.bib (michael)"
}

@incollection{OrgunWadge92:ILP,
	author	    =	"M. Orgun and W. Wadge",
	title	    =	"{T}heory and {P}ractice of {T}emporal
			 {L}ogic {P}rogramming",
	booktitle   =	"Intensional Logics for Programming",
	publisher   =	"Oxford University Press",
	year	    =	"1992",
	editor	    =	"L Fari{\~n}as del Cerro and M. Penttonen",
	comments    =	"Bib file tl.bib (michael)"
}

@book{delCerroPenttonnen92:ILP,
	editor	    =	"L. Fari{\~n}as del Cerro and M. Penttonen",
	title	    =	"Intensional Logics for Programming",
	publisher   =	"Oxford University Press",
	year	    =	"1992"
}

@incollection{Hal87,
	author	    =	"R. Hale",
	title	    =	"{T}emporal {L}ogic {P}rogramming",
	booktitle   =	"Temporal Logics and their Applications",
	publisher   =	"Academic Press",
	year	    =	"1987",
	editor	    =	"A. Galton",
	chapter	    =	"3",
	pages	    =	"91-119",
	address	    =	"London",
	month	    =	 dec
}

@book{Galton87,
	editor	    =	"A. Galton",
	title	    =	"{Temporal Logics and their Applications}",
	publisher   =	"Academic Press",
	year	    =	"1987",
	address	    =	"London",
	month	    =	 dec
}

@inproceedings{Tang83,
	author	    =	"T.~Zhisong",
	title	    =	"{T}oward a {U}nified {L}ogic {B}asis for
			 {P}rogramming {L}anguages",
	booktitle   =	"Information Processing 83",
	year	    =	"1983",
	editor	    =	"R.~E.~A.\ Mason",
	pages	    =	"425-429",
	organization	=	"IFIP",
	publisher   =	"Elsevier Science Publishers B.V. (North Holland)",
	address	    =	"Amsterdam",
	comments    =	"",
	location    =	"HB copy"
}

@inproceedings{Orgun94:ICTL,
    author      = "M. Orgun and W. Ma",
    title       = "{A}n {O}verview of {T}emporal and {M}odal
			 {L}ogic {P}rogramming",
	booktitle   =	"First International Conference on
                Temporal Logic (ICTL)",
	year	    =	"1994",
	month	    =	 jul,
	comments    =	"Bib file ours.bib (michael)",
	location    =	"mdfcopy"
}


@techreport{BrzoskaSchaefer93,
	author	    =	"C.~Brzoska and K.~Sch{\"a}fer",
	title	    =	"{LIMETTE}: {L}ogic programming
			 integrating metric temporal extensions
			 --- language definition and user manual",
	institution =	"{F}ak f{\"u}r Informatik,
			 Universit{\"a}t Karlsruhe",
	number	    =	"9/93",
	year	    =	"1993",
	type	    =	"Interner Bericht"
}

@techreport{Schaefer93,
	author	    =	"K.~Sch{\"a}fer.",
	title	    =	"Entwicklung einer temporal logischen {S}prache zur {B}eschreibung von
  {A}bl{\"a}ufen in {S}tra\ss enverkehrsszenen",
	institution =	"Universit{\"a}t Karlsruhe, Inst. f{\"u}r Logik,
  Komplexit{\"a}t und Deduktionssysteme",
	number	    =	"",
	year	    =	"1993",
	type	    =	"Diplomarbeit"
}

@inproceedings{King95:EXTOL,
	author	    =	"P. King",
	title	    =	"{T}owards an {ITL} {B}ased {F}ormalism
			 for {E}xpressing {T}emporal
			 {C}onstraints in {M}ultimedia {D}ocuments",
	booktitle   =	"Proceedings of IJCAI Workshop on
			 Executable Temporal Logics",
	year	    =	"1995",
	address	    =	"Montreal, Canada",
	month	    =	 aug,
	comments    =	"Bib file tl.bib (michael)",
	location    =	"mdfcopy"
}

@article{ChrisJohnson92:IJMMS,
	author	    =	"C. W. Johnson and M. D. Harrison",
	title	    =	"{U}sing {T}emporal {L}ogic to {S}upport the
			 {S}pecification and {P}rototyping of
			 {I}nteractive {C}ontrol {S}ystems",
	journal	    =	"International Journal of Man-Machine Studies",
	volume	    =	"36",
	year	    =	"1992"
}

@article{ChomickiNiwinski95,
	author	    =	"Jan Chomicki and Damian Niwinski",
	title	    =	"{On the Feasibility of Checking Temporal
     Integrity Constraints}",
	journal	    =	JCSS,
	volume	    =	"51",
	number	    =	"3",
	pages	    =	"523-535",
	year	    =	"1995",
	month	    =	 dec
}

@inproceedings{Kaivola96:Ax,
	author	    =   "R.~Kaivola",
	title       =   "Axiomatising linear-time mu-calculus",
        booktitle   =   "Proc. Concur'95",
	year        =   1995,
	comments    =	"Bib file tl.bib (michael)",
	location    =	"mdfcopy"
}

@inproceedings{Kaivola96:CAAP,
	author	    =   "R.~Kaivola",
        title = "{Axiomatising Extended Computation Tree Logic}",
        booktitle = "{Proceedings of 21st International Colloquium on
	Trees in Algebra and Programming -- CAAP'96}",
        series = "Lecture Nottes in Computer Science",
	volume = 1059,
        publisher = "Springer-Verlag",
        year = 1996,
        pages = "87--101"
}

@incollection{Eme96,
  author="E. Emerson",
  title="Automated Temporal Reasoning for Reactive Systems",
  editor="F. Moller and G. Birtwistle",
  booktitle="Logics for Concurrency",
  publisher="Springer Verlag",
  year="1996",
  pages="41--101"
}
     

@article{AlurHenzinger92:Survey,
	author	    =	"R. Alur and T. Henzinger",
	title	    =	"{Logics and Models of Real-Time: A Survey}",
	journal	    =	LNCS,
	volume	    =	"600",
	year	    =	"1992",
	publisher   =  SV,
	comments    =	"Bib file tl.bib (michael)"
}

@article{BCN95:RealTime,
	author	    =	"G. Bucci and M. Campanai and P. Nesi",
	title	    =	"{Tools for Specifying Real-Time Systems}",
	journal	    =	"Real-Time Systems",
	volume	    =	"8",
	year	    =	"1995",
	pages       =   "117--172",
	comments    =	"Bib file tl.bib (michael)"
}

@phdthesis{Holzmann79,
   author = {G.J. Holzmann},
   title = {Coordination Problems in Multiprocessing Systems},
   type = {Ph.D. Thesis},
   number = {Delft Univ., The Netherlands},
   month = {June},
   year = {1979}
}

@inproceedings{Holzmann80,
   author = {G.J. Holzmann},
   editor = {D. Rayner},
   title = {The Design of Coordination Schemes},
   booktitle = {Proc. USC/ISI Workshop on Concurrency},
   address = {Idyllwild, Calif.},
   month = {March},
   year = {1980},
   note = {CSTR No. 87, Aug. 1980}
}

@inproceedings{Holzmann81,
   author = {G.J. Holzmann},
   editor = {C. Sunshine and D. Rayner},
   title = {An Algebra for Protocol Validation},
   booktitle = {Proc. 1st Int. Conf on Protocol Specification, Testing, and Verification, INWG/IFIP},
   pages = {377-391},
   address = {England},
   month = {May},
   year = {1981}
}

@techreport{Holzmann81a,
   author = {G.J. Holzmann},
   institution = {AVS Laboratory},
   title = {The Problem of the Leidsestraat - An Exercise in Process Coordination},
   type = {36},
   address = {Delft University},
   month = {August},
   year = {1981}
}

@article{Holzmann81b,
   author = {G.J. Holzmann},
   title = {Coordinatie - een net van betrouwbare processors},
   journal = {De Ingenieur},
   volume = {93},
   number = {43},
   month = {October},
   year = {1981},
   note = {In Dutch.}
}

@inproceedings{Holzmann82,
   author = {G.J. Holzmann},
   editor = {C. Sunshine},
   title = {Algebraic Validation Methods - A Comparison of Three Techniques},
   booktitle = {Proc. 2nd Int.  Conf on Protocol Specification, Testing, and Verification, INWG/IFIP},
   pages = {383--391},
   publisher = {North-Holland Publ. Co.},
   address = {Idyllwild, Calif.},
   month = {May},
   year = {1982}
}

@techreport{Holzmann82a,
   author = {G.J. Holzmann},
   institution = {AVS Laboratory},
   title = {Concise Description of a Protocol Validation Algebra},
   type = {38},
   address = {Delft University},
   month = {June},
   year = {1982}
}

@article{Holzmann82b,
   author = {G.J. Holzmann},
   title = {A Theory for Protocol Validation},
   journal = {IEEE Transactions on Computers},
   volume = {C-31},
   number = {8},
   pages = {730--738},
   month = {August},
   year = {1982}
}

@article{Holzmann83,
   author = {G.J. Holzmann},
   title = {Communicatie Protocollen - ontwerp, analyse en standaardisatie},
   journal = {Informatie},
   volume = {25},
   number = {1},
   pages = {5--11},
   month = {January},
   year = {1983},
   note = {In Dutch.}
}

@inproceedings{Holzmann83a,
   author = {G.J. Holzmann and R. A. Beukers},
   editor = {H. Rudin and C. West},
   title = {The PANDORA Protocol Development System},
   booktitle = {Proc. 3rd Int. Conf on Protocol Specification, Testing, and Verification, INWG/IFIP},
   pages = {357--369},
   publisher = {North Holland Publ. Co.},
   address = {IBM Zurich Amsterdam},
   month = {June},
   year = {1983}
}

@techreport{Holzmann83b,
   author = {G.J. Holzmann},
   institution = {AVS Laboratory},
   title = {Protocol Analysis on the PANDORA System: Four Examples},
   type = {45},
   address = {Delft University},
   month = {September},
   year = {1983}
}

@article{Holzmann83c,
   author = {G.J. Holzmann},
   title = {Systeem Krakers - Spelen Met de Computer},
   journal = {NRC Handelsblad, Science Supplement},
   month = {September},
   year = {1983},
   note = {In Dutch.}
}

@article{Holzmann84,
   author = {G.J. Holzmann},
   title = {The Unix Magician's Handbook --- a review of `The Unix Programming Environment'},
   journal = {Unix: Login},
   year = {1984}
}

@article{Holzmann84a,
   author = {G.J. Holzmann},
   title = {PANDORA - An Interactive System for the Design of Data Communication Protocols},
   journal = {Computer Networks},
   volume = {8},
   number = {2},
   pages = {71--81},
   month = {April},
   year = {1984}
}

@inproceedings{Holzmann84b,
   author = {G.J. Holzmann},
   editor = {Y. Yemini},
   title = {Backward Symbolic Execution of Protocols},
   booktitle = {Proc. 4th Int. Conf on Protocol Specification, Testing, and Verification, INWG/IFIP},
   publisher = {North Holland Publ. Co.},
   address = {Skytop, PA, USA Amsterdam},
   month = {June},
   year = {1984},
   pages = {19--30},
}

@article{Holzmann85,
   author = {G.J. Holzmann},
   title = {Tracing Protocols},
   journal = {AT\&T Technical Journal},
   volume = {64},
   number = {10},
   month = {December},
   year = {1985},
   pages = {2413--2433},
   note = {reprinted in: Current advances in distributed computation, Computer Science Press, 1986.}
}

@article{Holzmann86,
   author = {G.J. Holzmann},
   title = {Automated protocol validation in Argos, assertion proving and scatter searching},
   journal = {IEEE Trans. on Software Engineering},
   pages = {683-696},
   volume = {SE-13},
   number = {6},
   month = {June},
   year = {1986},
   note = {also in: Current advances in distributed computation, CS Press, 1986}, 
}

@incollection{Holzmann86a,
   author = {G.J. Holzmann},
   title = {Protocol Tracing,},
   booktitle = {Computer Networks and Simulation},
   volume = {III},
   publisher = {North Holland Publ. Co},
   year = {1986}
}

@techreport{Holzmann87,
   author = {G.J. Holzmann},
   title = {Manual for the protocol analyzer `Trace'},
   type = {Comp. Sci. Tech. Rep.},
   number = {134},
   month = {February},
   year = {1987},
   keywords = {CSTR},
   note = {104}
}

@article{Holzmann87a,
   author = {G.J. Holzmann},
   title = {Pico -- a picture editor},
   journal = {AT\&T Technical Journal},
   volume = {66},
   number = {2},
   pages = {2--13},
   month = {April},
   year = {1987}
}

@inproceedings{Holzmann87b,
   author = {G.J. Holzmann},
   editor = {H. Rudin and C. West},
   title = {On Limits and Possibilities of Automated Protocol Analysis},
   booktitle = {Proc. 6th Int. Conf on Protocol Specification, Testing, and Verification, INWG/IFIP},
   address = {Zurich, Sw.},
   month = {June},
   year = {1987},
   note = {(Invited paper)}
}

@article{Holzmann88,
   author = {G.J. Holzmann},
   title = {An Improved Protocol Reachability Analysis Technique},
   journal = {Software, Practice \& Experience},
   volume = {18},
   number = {2},
   pages = {137--161},
   month = {February},
   year = {1988}
}

@book{Holzmann88a,
   author = {G.J. Holzmann},
   title = {Beyond Photography --- the Digital Darkroom},
   publisher = {Prentice-Hall},
   address = {Englewood Cliffs, New Jersey},
   year = {1988}
}

@article{Holzmann88b,
   author = {G.J. Holzmann},
   title = {The Digital Darkroom},
   booktitle = {Proc. SCAN - Small Computers in the Arts Network Conference},
   month = {November},
   year = {1988},
   note = {(invited paper)}
}

@article{Holzmann89,
   author = {G.J. Holzmann},
   title = {Digital Photography},
   journal = {American Photographer},
   month = {January},
   year = {1989},
   note = {(invited paper)}
}

@inproceedings{Holzmann89a,
   author = {G.J. Holzmann and J. Patti},
   editor = {C. Vissers and E. Brinksma},
   title = {Validating SDL Specifications: An Experiment},
   booktitle = {Proc. 9th Int. Conf on Protocol Specification, Testing, and Verification, INWG/IFIP},
   address = {Twente, Neth.},
   month = {June},
   year = {1989},
   pages = {317--326},
}

@article{Holzmann90,
   author = {G.J. Holzmann},
   title = {Algorithms for Automated Protocol Verification},
   journal = {AT\&T Technical Journal},
   volume = {69},
   number = {2},
   month = {February},
   year = {1990},
   pages = {32--44},
   note = {Special Issue on Protocol Testing, Specification, and Verification}
}

@book{Holzmann91,
   author = {G.J. Holzmann},
   title = {Design and Validation of Computer Protocols},
   publisher = {Prentice-Hall},
   address = {Englewood Cliffs, New Jersey},
   year = {1991}
}

@article{Holzmann91a,
   author = {G.J. Holzmann},
   editor = {B. Pehrson and B. Jonsson and J. Parrow},
   title = {Tutorial: Design and Validation of Protocols},
   journal = {Computer Networks and ISDN Systems},
   year = {1993},
   volume = {25},
   number = {9},
   pages = {981-1017},
   note = {also in: Proc. 11th PSTV91, INWG/IFIP, Stockholm, Sweden},
}

@inproceedings{Pike91,
   author = {R. Pike, D. Presotto, K. Thompson, G.J. Holzmann},
   title = {Process Sleep and Wakeup on a Shared-memory Multiprocessor},
   booktitle = {Proc. of the Spring 1991 EurOpen Conference},
   pages = {161-166},
   address = {Tromso},
   year = {1991}
}

@article{Holzmann92,
   author = {G.J. Holzmann},
   title = {Practical Methods for the Formal Validation of SDL Specifications},
   journal = {Computer Communications},
   month = {March},
   year = {1992},
   note = {(invited paper - special issue on Practical Uses of FDT's)}
}

@article{Holzmann92a,
   author = {G.J. Holzmann},
   title = {Protocol Design: Redefining the State of the Art},
   journal = {IEEE Software},
   month = {January},
   year = {1992},
   pages = {17--22},
   note = {(invited paper - special issue on Protocol Engineering)}
}

@inproceedings{Holzmann92b,
   author = {G.J. Holzmann and P. Godefroid and D. Pirottin},
   title = {Coverage preserving reduction strategies for reachability analysis},
   booktitle = {Proc. 12th Int. Conf on Protocol Specification, Testing, and Verification, INWG/IFIP},
   address = {Orlando, Fl.},
   month = {June},
   year = {1992}
}

@article{Godefroid92,
   author = {P. Godefroid and G.J. Holzmann and D. Pirottin},
   title = {State space caching revisited},
   journal = {Formal Methods in System Design},
   month = {Nov.},
   year = {1995},
   pages = {1-15},
   publisher = {Kluwer},
   note = {also in: Proc. CAV92, Montreal, Canada},
}

@inproceedings{Laraqui92,
   author = {K. Laraqui and F. Reichert and G.J. Holzmann},
   title = {Correct design of vehicular control strategies},
   journal = {Proc 25th ISATA Int. Symp. on Automotive Techn. and Automation},
   address = {Florence, Italy},
   month = {June},
   year = {1992}
}

@article{Holzmann93,
   author = {G.J. Holzmann},
   title = {Standardizing Protocol Interfaces},
   journal = {Software Practice an Experience},
   volume = {23},
   number = {7},
   pages = {711--731},
   month = {July},
   year = {1993}
}

@inproceedings{Goderfroid93,
   author = {P. Godefroid and G.J. Holzmann},
   title = {On the verification of temporal properties},
   booktitle = {Proc. 13th Int. Conf on Protocol Specification, Testing, and Verification, INWG/IFIP},
   address = {Liege, Belgium},
   month = {May},
   year = {1993},
   pages = {109--124},
}

@article{Holzmann94,
   author = {G.J. Holzmann and B. Pehrson},
   title = {The First Data Networks},
   journal = {Scientific American},
   volume = {270},
   number = {1},
   pages = {124--129},
   month = {January},
   year = {1994}
}

@incollection{Holzmann94a,
   author = {G.J. Holzmann},
   title = {Protocol Validation},
   journal = {Encyclopedia of Telecommunications. Dekker Publ.},
   pages = {185--194},
   year = {1994}
}

@InProceedings{Holzmann94b,
   author = {G.J. Holzmann and Doron Peled},
   title = {An Improvement in Formal Verification},
   booktitle = {Proc. Formal Description Techniques, FORTE94},
   publisher = {Chapman \& Hall},
   pages = {197-211},
   address = {Berne, Switzerland},
   month = {October},
   year = {1994}
}

@inproceedings{Holzmann94c,
   author = {G.J. Holzmann},
   title = {Proving the Value of Formal Methods},
   booktitle = {Proc. FORTE94},
   address = {Berne, Switzerland},
   month = {October},
   year = {1994},
   note = {(invited paper)}
}

@inproceedings{Holzmann94d,
   author = {G.J. Holzmann},
   title = {Data Communications -- The First 2500 Years},
   booktitle = {Proc. IFIP World Computer Congress},
   address = {Hamburg, Germany},
   month = {August},
   year = {1994},
   note = {(invited paper)}
}

@inproceedings{Holzmann94e,
   author = {G.J. Holzmann},
   title = {The Theory and Practice of a Formal Method:  NewCoRe},
   booktitle = {Proc. IFIP World Computer Congress},
   address = {Hamburg, Germany},
   month = {August},
   year = {1994},
   volume = {I},
   pages = {35-44},
   publisher = {North-Holland Publ., Amsterdam, The Netherlands},
   note = {(invited paper)}
}

@book{Holzmann94f,
   author = {G.J. Holzmann and Bjorn Pehrson},
   title = {The Early History of Data Networks},
   publisher = {IEEE Computer Society Press},
   address = {Los Alamitos, California},
   month = {October},
   year = {1994}
}

@article{Holzmann95a,
   author = {G.J. Holzmann},
   title = {An Analysis of Bitstate Hashing},
   journal = {Formal Methods in System Design},
   publisher = {Kluwer},
   note = {to appear 1998, extended version of paper in Proc. PSTV95, pp. 301-314},
}

@incollection{Holzmann95b,
   author = {G.J. Holzmann},
   title = {Die optische Telegraphie in England und anderen L\*:andern},
   journal = {Exhibition Catalogue, Postal Museum},
   address = {Frankfurt, Germany},
   year = {1995},
   month = {May},
   note = {(invited paper)}
}

@incollection{Holzmann95c,
   author = {G.J. Holzmann},
   title = {Geheimschrift und Zeichensprache},
   journal = {Exhibition Catalogue, Postal Museum},
   address = {Frankfurt, Germany},
   year = {1995},
   month = {May},
   note = {(invited paper)}
}

@article{Holzmann95d,
   author = {G.J. Holzmann},
   title = {The ties that bound},
   journal = {Inc. Technology},
   year = {1995},
   month = {June},
   volume = {17},
   number = {9},
   note = {(invited column)}
}

@inproceedings{Holzmann95e,
   author = {G.J. Holzmann},
   title = {Proving Properties of Concurrent Systems with Spin},
   booktitle = {Proc. CONCUR95, 6th Intern. Conf. on Concurrency Theory},
   address = {Philadelphia, PA.},
   year = {1995},
   month = {August},
   note = {(invited tutorial)}
}

@InProceedings{Holzmann95f,
   author = {G.J. Holzmann, D. Peled},
   title  = {Checking Linear Temporal Lgoic Properties},
   note   = {position paper},
   year   = {1995},
   booktitle = {First SPIN Workshop},
   address   = {Montr\`{e}al, Quebec},
}

@InProceedings{Holzmann95g,
   author = {G.J. Holzmann, D. Peled},
   title  = {Partial Order Reduction of the State Space},
   note   = {position paper},
   year   = {1995},
   booktitle = {First SPIN Workshop},
   address   = {Montr\`{e}al, Quebec},
}

@article{Holzmann96a,
   author = {R. Alur, G.J. Holzmann, and D. Peled},
   title = {An Analyzer for Message Sequence Charts},
   journal = {Software Concepts and Tools},
   volume = {17},
   number = {2},
   pages = {70-77},
   year = {1996},
   note = {also: Proc. TACAS95, Passau, Germany, LNCS 1055, pp. 35--48},
}

@article{Holzmann96b,
   author = {G.J. Holzmann},
   title = {Early Fault Detection Tools},
   journal = {Software Concepts and Tools},
   volume = {17},
   number = {2},
   pages = {63-69},
   year = {1996},
   note = {also: Proc. TACAS95, Passau, Germany, LNCS 1055, pp. 1-13},
}

@inproceedings{Holzmann96c,
   author = {G.J. Holzmann},
   title = {Formal Methods for Early Fault Detection},
   booktitle = {Proc. FTRTFT, Confs. on Formal Techniques for Real-Time and Fault Tolerant Systems},
   address = {Uppsala, Sweden},
   journal = {LNCS},
   volume = {1135},
   pages = {40--54},
   year = {1996},
   month = {September},
   note = {(invited paper)}
}

@inproceedings{Holzmann96d,
   author = {G.J. Holzmann, and D. Peled},
   title = {The State of Spin},
   booktitle = {8th Int. Conference on Computer Aided Verification},
   publisher = {Springer Verlag},
   series = {LNCS},
   number = {1102},
   pages = {385-389},
   year = {1996},
   address = {New Brunswick, NJ, USA},
}

@inproceedings{Holzmann96e,
   author = {G.J. Holzmann, D. Peled, and M. Yannakakis},
   title  = {On Nested Depth First Search},
   year   = {1996},
   booktitle = {The Spin Verification System},
   pages = {23-32},
   publisher = {American Mathematical Society},
   note = {Proc. of the Second Spin Workshop},
}

@inproceedings{Holzmann96f,
   author = {G.J. Holzmann, and O. Kupferman},
   title  = {Not Checking for Closure under Stuttering},
   year   = {1996},
   booktitle = {The Spin Verification System},
   pages = {17-22},
   publisher = {American Mathematical Society},
   note = {Proc. of the Second Spin Workshop},
}

@article{Holzmann96g,
   author = {J.P. Courtiat, P. Dembinski, G.J. Holzmann, L. Logrippo, Harry Rudin, and Pamela Zave},
   title  = {Formal methods after 15 years: status and trends},
   journal = {Computer Networks and ISDN Systems},
   number = {28},
   pages = {1845-1855},
   year = {1996},
   note = {Position statements of a panel discussion held at FORTE95},
}

@Proceedings{POMIV96,
   editor = {D. Peled, V.R. Pratt, G.J. Holzmann},
   title  = {Partial Order Methods in Verification},
   year = {1997},
   volume = {29},
   series = {DIMACS series},
   publisher = {American Mathematical Society},
   note = {ISBN 0-8218-0579-7, 403pp},
}

@Proceedings{SPIN96,
   editor = {J-C Gr\'egoire, G.J. Holzmann, D. Peled},
   title  = {The Spin Verification System},
   year = {1997},
   volume = {32},
   series = {DIMACS series},
   publisher = {American Mathematical Society},
   note = {ISBN 0-8218-0680-7, 203p},
}

@article{Holzmann97a,
   author = {G.J. Holzmann},
   title  = {Designing bug-free protocols with Spin},
   year   = {1997},
   journal = {Computer Communications Journal},
   note = {invited paper},
   volume = {20},
   number = {2},
   pages = {97-105},
}

@article{Holzmann97b,
   author = {G.J. Holzmann},
   title = {An internet in the ancient world?},
   year = {1997},
   journal = {Dragonfly, a magazine for young investigators},
   number = {March/April 1997},
   pages = {22-24},
   note = {invited},
}

@article{Holzmann97c,
   author = {G.J. Holzmann, D.A. Peled, and M.H. Redberg},
   title = {Design Tools for Requirements Engineering},
   year = {1997},
   journal = {Bell Labs Technical Journal},
   month = {Winter},
   pages = {86-95},
}

@inproceedings{Holzmann97d,
   author = {G.J. Holzmann},
   title = {State Compression in Spin},
   year = {1997},
   journal = {Proc. Third Spin Workshop},
   month = {April},
   address = {Twente University, The Netherlands},
}

@article{Holzmann97e,
   author = {G.J. Holzmann},
   title = {The Model Checker Spin},
   year = {1997},
   journal = {IEEE Trans. on Software Engineering},
   month = {May},
   volume = {23},
   number = {5},
   pages  = {279-295},
   note = {Special issue on Formal Methods in Software Practice},
}

@article{Holzmann97f,
   author = {G.J. Holzmann},
   title = {Tales of the Encrypt},
   journal = {Inc. Technology},
   year = {1997},
   month = {November},
   note = {invited column},
}

@article{Holzmann97g,
   author = {G.J. Holzmann},
   title = {Spin Model Checking},
   journal = {Dr. Dobbs Journal},
   year = {1997},
   month = {October},
}

@inproceedings{Dershowitz97,
   author = {A. Dershowitz, K. Fisler, S. K. Shukla, G.J. Holzmann,
   R.P. Kurshan, D. Peled},
   title = {Testing the FormalCheck Query Library},
   booktitle = {Proc. LCET'96},
   organization = {Lucent Technologies},
   volume = {14},
   pages = {173-176},
   year = {1997}
}

@inproceedings{Holzmann98a,
   author = {F. Schneider, S.M. Easterbrook, J.R. Callahan, and G.J. Holzmann},
   title = {Validating Requirements for Fault Tolerant Systems using Model Checking},
   year = {1998},
   booktitle = {Proc. International Conference on Requirements Engineering, ICRE},
   month = {April},
   address = {Colorado Springs, Co., USA},
   publisher = {IEEE},
}

@inproceedings{Holzmann98b,
   author = {G.J. Holzmann},
   title = {Designing executable abstractions},
   journal = {Proc. Formal Methods in Software Practice},
   year = {1998},
   month = {March},
   publisher = {ACM Press},
   note = {invited keynote address},
}

@article{Holzmann98c,
   author = {G.J. Holzmann, and Margaret H. Smith},
   title = {Interval Reduction through Requirements Analysis},
   year = {1998},
   note = {Bell Labs Technical Journal, to appear 1998},
}

@article{Holzmann98d,
   author = {G.J. Holzmann},
   title = {Ports of Call},
   journal = {Inc. Technology},
   year = {1998},
   month = {March},
   note = {invited},
}

@article{Holzmann98e,
   author = {G.J. Holzmann},
   title = {On Checking Model Checkers},
   journal = {Proc. Computer Aided Verification Conference},
   address = {Vancouver, Canada},
   publisher = {Springer Verlag},
   year = {1998},
   month = {June},
   note = {invited},
}

@incollection{CKS97:TIME,
   author = "R.~Cleaveland and M.~Klein and B.~Steffen",
   title = "{Faster model checking for the modal $\mu$-calculus}",
	booktitle   =	"Proceedings of TIME-97 the Fourth International
		  Workshop on Temporal Representation and Reasoning", 
	month	    =	 may,
        address     =    "Daytona Beach, Florida",
	year	    =	"1997",
        publisher   =   "IEEE Computer Society Press",
	location    =	"cldcopy"
}

@incollection{Jansen:90,
     author = "G.~L.~J.~M.~Jansen",
     title = "{Hardware Verification using Temporal Logic: A Practical
     View}",
     booktitle = "{Formal VLSI Correctness Verification, VLSI  Design Methods-II}",
     publisher = "Elsevier Science Publishers",
     year = 1990
}

@article{JaninWaluk:95,
      author = "D.~Janin and I. Walukiewicz",
      title = "{Automata for the $\mu$-calculus and related results}",
      journal = "{LNCS}",
      volume = 969,
      year = 1995
}

@InProceedings(Pr81b,
	Author="Pratt, V.R.",
	Title="A Decidable Mu-Calculus",
	Booktitle="Proc. 22nd IEEE Conference on Foundations of Computer
	Science", Month=Oct, Year=1981, Pages="421-427")  

@inproceedings{Plius93:713,
        author = "R. Pliuskevicius",
        title =  "On the saturation principle for a linear temporal
        logic",
        booktitle = "LNCS 713",
        publisher = SV,
	year = 1993,
	pages = "289-300"
}

@article{Plius94:JAR,
        author = "R. Pliuskevicius",
        title =  "The saturated tableaux for linear miniscoped Horn-like
temporal logic",
        journal = "Journal of Automated Reasoning",
        volume = 13,
	year = 1994,
	pages = "391-407"
}

@inproceedings{Plius93:1289,
        author = "R. Pliuskevicius",
        title =  "On the completeness and  decidability  of a restricted first
order linear  temporal logic",
        booktitle = "LNCS 1289",
        publisher = SV,
	year = 1997,
	pages = "241-254"
}

@article{Plius98:JANCL,
        author = "R. Pliuskevicius",
        title =  "Replacement of induction by similarity saturation in a first
order linear temporal logic",
      journal = "Journal of Applied Non-Classical Logics",
      volume = 8,
      number = "1--2",
      year = 1998,
      pages = "141-169"
}

